3409 5175
387 570 428 632 32
561 587 564 591 “
747 563 890 617 Pnnnnnr
908 562 1105 617 FABULARUM

429 734 566 797 -cuits
589 753 650 797 non
671 735 750 814 fugio
771 742 905 814 mertem,
929 737 953 798 si
975 739 1080 799 famam
1104 736 1255 819 adsequar,

430 832 460 885 et
481 820 553 883 cedo
575 820 706 897 invidiae,
729 820 800 882 drim
821 821 909 882 modo
931 822 1062 882 absolvar
1084 822 1166 900 cinis,
1188 859 1232 869 -

401 918 465 967 aex
488 906 595 985 pepulo
619 906 660 967 sie
682 906 780 967 nesciri
803 906 876 986 quis,
900 916 933 967 nt
954 908 1018 967 fieri
1040 908 1129 971 solet:

430 996 567 1071 “quaest
590 1001 648 1053 tam
672 998 824 1070 angustam
847 990 913 1051 talis
934 990 976 1052 vir
995 996 1083 1070 ponis
1105 992 1265 1056 domumi’'

429 1076 576 1140 “utinam”
598 1077 693 1156 inquit
714 1076 808 1137 “veris
828 1077 906 1137 hanc
928 1076 1027 1137 arnicis
1049 1078 1225 1157 impleami”
1253 1136 1255 1143 ,

840 1292 968 1345 ricini
987 1292 1008 1343 n

537 1395 661 1459 POETA
682 1396 732 1457 DE
756 1396 932 1458 CREDERE
956 1396 1004 1461 ET
1026 1396 1104 1459 NON
1128 1396 1306 1462 cnnntnn

469 1531 667 1594 Periculosum
690 1541 734 1593 est
756 1533 875 1593 credere
898 1544 927 1593 et
949 1551 1009 1594 non
1033 1532 1161 1593 credere.

427 1617 577 1699 nctesque
600 1617 764 1697 exemplum
785 1618 912 1679 breviter
934 1622 1077 1695 exponam
1100 1618 1150 1678 rei.

469 1703 641 1782 Hippclyrus
663 1702 742 1777 obiit,
765 1707 831 1779 qnia
854 1719 994 1763 novercae
1018 1701 1160 1785 crepitum
1182 1710 1243 1778 est;

430 1788 608 1849 Cassandrae
631 1787 778 1865 quianon
801 1786 953 1862 creditum,
976 1787 1034 1848 ruit
1053 1784 1147 1849 Ilium.

398 1884 497 1949 eergo
521 1871 697 1950 exploranda
720 1879 764 1931 est
786 1871 890 1933 veritas
912 1871 1045 1948 multam,
1067 1872 1149 1949 prius

426 1975 512 2036 quarn
536 1956 622 2017 stilta
645 1973 731 2036 prave
752 1955 861 2018 indicet
883 1956 1036 2037 sententia.

425 2041 475 2103 sed
498 2041 658 2102 fabulosam
680 2044 719 2101 ne
739 2050 910 2103 vetustatem
930 2041 1033 2116 eleves,

425 2126 550 2187 narrabo
573 2125 783 2204 tibimemcria
807 2125 884 2205 quod
907 2126 1015 2187 factrinr
1039 2133 1083 2186 est
1104 2142 1178 2185 mea.

466 2212 586 2272 Maritus
608 2210 723 2290 quidarn
747 2216 813 2271 crim
836 2210 972 2287 diligeret·
989 2208 1143 2288 ceniugem

384 2306 413 2357 10
427 2301 583 2375 togamque
605 2313 707 2374 puram
731 2295 788 2356 iam
810 2304 927 2374 pararet
947 2294 1017 2370 nno,

425 2382 563 2442 sedrictus
583 2380 614 2440 in
637 2385 782 2442 secretum
805 2400 821 2441 a
843 2381 946 2442 liberte
969 2386 1009 2441 est
1029 2398 1091 2455 suo,

425 2470 562 2544 sperante
583 2466 722 2526 heredem
744 2466 837 2526 sriffici
860 2483 890 2525 se
913 2465 1085 2544 preximutn.

425 2551 474 2630 qui
496 2555 562 2611 cnm
586 2550 622 2611 de
644 2568 735 2628 puero
757 2549 848 2612 miiita
871 2548 1010 2611 mentitis
1032 2550 1107 2610 soret

424 2645 455 2696 et
474 2635 558 2713 picra
581 2635 617 2695 de
639 2635 755 2713 flagitiis
777 2645 873 2696 castae
895 2633 1035 2710 milliaris,

384 2730 413 2780 15
428 2720 531 2781 adiecit
553 2753 594 2764 -
609 2720 638 2779 id
662 2720 738 2798 quod
761 2720 905 2782 sentiebat
927 2720 1051 2780 maxime

425 2805 582 2866 dolirrirum
605 2806 712 2865 amanti
734 2839 777 2849 —
799 2806 938 2866 ventitare
961 2805 1124 2867 adniterurn

424 2895 584 2970 stupreque
607 2890 683 2968 turpi
706 2889 798 2968 pcllni
820 2892 927 2952 sarnam
950 2891 1062 2951 domus.

424 2974 562 3036 incensus
584 2975 632 3035 ille
654 2975 728 3035 t'also
751 2976 849 3037 uxoris
871 2975 992 3037 erimine
1097 3028 1099 3032 .

424 3059 567 3121 simulavit
588 3060 644 3119 iter
665 3060 700 3120 ad
723 3059 819 3120 viiiarn
842 3060 974 3140 clamque
996 3060 1026 3121 in
1050 3058 1156 3138 oppido

381 3153 412 3202 20
426 3143 569 3206 subsedit:
593 3143 700 3204 deinde
721 3149 811 3204 ncctu
834 3145 929 3204 subito
951 3145 1068 3205 ianuam

423 3228 547 3304 intravit,
570 3235 650 3287 recta
673 3226 836 3289 ctbicnlum
861 3233 958 3289 uxoris
979 3236 1092 3306 patene,

424 3313 454 3373 in
477 3318 534 3390 qut
556 3311 683 3372 dormire
704 3317 798 3374 mater
818 3322 921 3374 natum
943 3313 1076 3389 inserat,

423 3402 547 3458 aetatem
568 3395 697 3459 adultam
719 3401 837 3459 servans
859 3397 1033 3476 diligentius.

423 3482 492 3543 dum
515 3485 660 3562 quaerunt
680 3482 790 3558 lumen,
813 3482 883 3543 dtnn
907 3490 1083 3564 concursant
1104 3479 1220 3558 familia,

382 3578 412 3627 25
425 3567 484 3628 irae
505 3567 628 3628 furentis
650 3571 792 3645 impetum
814 3587 875 3630 non
898 3569 1046 3631 snstinens

423 3652 459 3711 ad
480 3652 590 3713 lectum
612 3651 733 3729 accedit,
755 3656 879 3732 temptat
900 3654 930 3716 in
953 3653 1082 3716 tenebris
1105 3659 1200 3729 caput..

421 3745 454 3797 nt
476 3735 564 3797 sentit
584 3745 711 3811 tensum,
735 3737 830 3814 gladic
851 3747 955 3815 pectus
975 3734 1118 3815 transigit,

422 3821 494 3882 nihil
516 3819 684 3900 respiciens,
708 3821 778 3882 ditm
800 3823 931 3888 dolorem
944 3821 1089 3882 'vindicet

421 3907 541 3969 lucerna
562 3905 656 3967 adlata
679 3906 765 3967 simul
788 3907 917 3986 adspexit
939 3907 1032 3969 filiurn

446 4091 487 4154 9,5
505 4105 536 4141 ex
553 4091 693 4141 Petram:
711 4093 751 4142 eei
821 4092 877 4155 10,7
897 4091 1037 4143 fabulosam
1054 4104 1087 4142 ne
1105 4090 1255 4142 vetustatem
1274 4089 1358 4142 eleves
1375 4086 1459 4140 Bant-

381 4157 460 4208 Iaius:
479 4156 592 4209 fabulosa
611 4172 644 4210 ne
660 4159 811 4209 uetustatem
830 4158 911 4210 leuem
966 4161 995 4210 11
1009 4157 1128 4211 seductus
1140 4157 1309 4209 Paroream:
1327 4156 1458 4210 seductus

392 4223 454 4292 [lest
470 4225 531 4276 add.
549 4225 685 4277 Bentleiur
759 4227 791 4277 27
811 4227 926 4293 transigit
942 4226 1125 4293 Bongarsiue:
1145 4224 1268 4294 transfigit
1342 4227 1375 4278 2⁸
1393 4224 1457 4276 nihil

304 4298 310 4303 “
378 4292 515 4357 respiciens
532 4293 592 4345 dum
610 4294 777 4346 Perottinus:
794 4293 856 4346 nihil
873 4295 898 4346 in
915 4294 1099 4366 respiciendum
