3409 5175
357 629 359 636 ·
379 622 423 687 24
739 614 881 669 rubeum
898 615 1097 670 FABULARUM

424 789 472 852 ille
494 794 585 851 onere
607 787 686 851 dives
708 788 783 851 celse
806 794 829 851 u
851 790 963 851 servies
985 789 1118 851 eminens

396 874 594 954 telorumque
617 874 691 936 coilo
712 874 824 955 idetsns
846 874 1086 949 tintinnabulum,

425 965 524 1023 eomes
545 961 642 1040 quieto
664 959 795 1038 sequitur
816 967 846 1019 et
867 959 981 1037 placido
1004 960 1104 1035 gradu.

424 1045 519 1107 subito
541 1045 671 1106 latrones
692 1048 726 1106 ex
748 1042 859 1105 insidiis
881 1043 1015 1105 advolant

423 1130 557 1210 interque
580 1130 701 1191 eaedem
722 1131 798 1191 serre
820 1127 932 1189 mulum
958 1128 1098 1205 sanciant,

426 1215 566 1293 diripiunt
587 1232 733 1289 nummos,
756 1214 914 1290 utelegunt
936 1212 990 1273 vile
1014 1212 1166 1274 hordeum.

384 1308 411 1359 te
426 1300 566 1379 spolietus
586 1299 674 1378 igitur
694 1303 780 1360 cesus
801 1317 869 1359 cum
890 1298 973 1359 fleret
995 1316 1079 1359 suos:

426 1384 597 1464 “eumdem’'
619 1383 713 1462 inquit
734 1384 807 1444 ulter
829 1385 896 1443 “md
919 1390 1120 1461 contemptum
1142 1381 1264 1461 gaudeo,

424 1487 494 1529 nem
515 1468 558 1529 nil
580 1467 661 1529 emisi
683 1472 739 1529 neu
760 1486 825 1529 sum
846 1468 944 1529 laesus
965 1466 1112 1529 vulnere.”

466 1552 531 1614 Hoc
553 1558 725 1631 argumento
747 1558 809 1615 tute
832 1561 878 1615 est
898 1552 1050 1614 hominum
1074 1552 1213 1629 tenuitas3

425 1637 550 1718 magnae
571 1638 680 1717 periclo
702 1642 772 1700 sdnt
793 1657 865 1717 opes
885 1638 1037 1699 obnoxiae.

773 1851 902 1905 FABULA
920 1852 984 1905 111111
1001 1852 1074 1919 (vul)

711 1956 887 2019 CERVUS
908 1956 963 2017 AD
987 1957 1133 2018 Bevus

469 2090 578 2153 Cervus
600 2092 761 2153 nemorosis
782 2091 921 2154 excitatus
942 2090 1077 2166 letibulis

425 2184 459 2238 ut
479 2181 650 2238 venetorum
671 2177 786 2254 sugeret
806 2177 966 2237 instantem
988 2195 1101 2255 neeem,

427 2267 515 2323 caeco
536 2261 640 2323 timore
661 2261 821 2339 proximam
845 2260 939 2322 villum
962 2262 1035 2340 petit

428 2357 458 2410 et
479 2352 645 2425 opportuno
668 2348 700 2407 se
720 2345 810 2408 bubili
832 2345 970 2407 condidit.

398 2432 475 2493 uhic
496 2431 549 2492 bos
572 2430 687 2492 latenti:
712 2431 873 2510 “quidnam
896 2430 1008 2493 voluisti
1031 2431 1091 2506 tibi,

425 2515 535 2589 infelix,
558 2515 634 2577 ultro
656 2515 705 2594 qui
728 2516 890 2576 senecen
913 2516 1075 2575 cucurreris

425 2602 636 2679 bominumque
659 2608 734 2661 teoto
756 2599 890 2678 spiritum
913 2597 1128 2661 commiseris?”

426 2694 456 2748 et
477 2686 525 2747 ille
548 2684 686 2765 supplex:
710 2686 782 2746 “ves
802 2685 907 2746 mod0’'
929 2685 1023 2763 inquit
1045 2683 1189 2763 “pereites

425 2771 578 2832 ocensione
600 2774 702 2830 rursus
724 2774 875 2848 erumpdm
898 2769 993 2831 dutu.”
1029 2826 1034 2833 .

384 2865 412 2916 10
427 2855 553 2935 spatium
577 2853 633 2916 diei
655 2855 751 2915 noetis
773 2855 924 2933 excipiunt
944 2854 1028 2915 vices.

426 2940 561 3001 frondem
583 2938 853 3002 bubulcus-tuton:
878 2940 918 3001 nil
940 2939 1006 3001 ideo
1028 2938 1115 3004 videt.

427 3029 500 3087 eunt
521 3024 644 3086 subinde
667 3032 697 3086 et
717 3026 842 3087 redeunt
863 3044 967 3086 omues
988 3023 1097 3101 rustici,

427 3126 514 3170 nemo
538 3109 753 3170 tnimadvorut:
783 3109 887 3170 trdnsb
909 3110 995 3171 etiam
1018 3109 1118 3169 vilicus

302 3225 308 3236 ·
426 3211 482 3254 neo
502 3192 552 3252 ille
574 3192 728 3271 quiequam
755 3193 852 3254 sentit,
896 3202 959 3253 tum
982 3193 1113 3271 gaudens
1134 3193 1213 3254 ferus

387 3289 414 3339 to
428 3277 524 3339 bubus
546 3276 650 3355 quietis
673 3281 758 3355 egere
781 3276 878 3356 eoepit
900 3276 1017 3354 gentius.

425 3362 586 3441 hospitium
608 3361 728 3422 adverso
751 3362 828 3442 quod
851 3360 1049 3444 praestiterint
1070 3365 1211 3439 tempore.

426 3446 579 3526 respondit
599 3464 695 3508 unus:
718 3446 849 3507 “sebum
872 3456 900 3508 te
923 3447 1056 3526 cupimus
1079 3447 1195 3525 quidem
1202 3463 1212 3520 ;

427 3531 478 3593 sed
501 3531 560 3607 Ille,
583 3532 632 3610 qui
654 3530 755 3593 oeulos
777 3534 896 3594 centum
918 3531 1015 3608 babet,
1038 3531 1202 3608 sirenem,

427 3619 588 3694 magnoin
610 3615 719 3694 periclo
742 3619 798 3677 uta
820 3621 947 3679 vertetur
970 3617 1045 3678 tua.''

385 3701 503 3762 ethaeo
525 3704 603 3761 inter
624 3701 686 3781 ipse
708 3699 843 3763 dominus
865 3722 882 3763 a
903 3706 977 3763 cent
998 3701 1074 3761 redit

427 3794 457 3848 et
478 3787 547 3865 quia
569 3797 721 3864 corruptos
741 3787 851 3847 videret
873 3790 968 3864 nuper
988 3785 1084 3859 boves,

409 3869 539 3933 §eredit
560 3868 597 3929 ed
618 3865 773 3948 praesepe:
798 3874 870 3932 “eur
892 3870 1004 3932 frondis
1025 3885 1128 3947 parum
1151 3876 1204 3946 est,

429 3959 587 4018 stramenta
611 3953 737 4015 desunt?
759 3954 870 4016 tollere.
883 3955 956 4016 hoec
978 3959 1084 4015 ardnea

429 4045 571 4119 quantum
591 4045 638 4101 est
658 4036 807 4100 leborisi'’
830 4039 900 4100 dum
921 4048 1068 4101 scrutetur
1089 4035 1214 4118 singule,

463 4207 488 4270 8,
506 4207 523 4256 4
538 4205 559 4255 it
576 4205 638 4257 edd.
655 4205 792 4257 Bentleius
884 4205 1029 4258 8sauciant
1046 4205 1214 4258 Perottinus:
1231 4203 1354 4260 trucidant
1430 4209 1460 4258 14

385 4272 480 4340 periclo
497 4273 636 4326 l’itboetes:
654 4273 765 4340 perioulo
850 4276 875 4336 9,
894 4276 908 4326 8
927 4287 973 4325 vos
990 4274 1157 4326 Perotte'nus:
1175 4273 1223 4325 bos
1303 4276 1332 4328 11
1352 4271 1387 4326 nil
1405 4271 1462 4326 Sie-

386 4341 467 4392 beb’s:
484 4355 532 4392 nee
617 4343 647 4393 21
668 4356 748 4409 nuper
761 4341 841 4394 boues
860 4342 1027 4394 Porottiuus:
1045 4341 1125 4394 boues
1143 4355 1222 4407 nuper
