3409 5175
397 624 437 687 52
754 614 1112 671 rnaoomrssucmuu

379 826 388 841 ·
436 823 479 837 -
500 798 563 852 erat
584 792 691 863 aetem,
714 796 747 849 ut
768 788 859 863 aiunt,
882 791 969 848 uatus
989 788 1020 849 in
1037 786 1094 849 Cea
1111 790 1208 851 insula
1222 822 1266 839 »-

438 873 568 937 ascendit
589 890 702 949 narem,
725 877 813 956 wem
834 878 993 950 tempestas
1015 872 1131 935 berrida

397 970 426 1021 1⁰
440 956 525 1020 simul
547 962 577 1020 et
597 966 723 1021 vetustas
743 957 840 1019 medio
863 956 991 1017 dissolvit
1012 958 1093 1019 mari.

439 1044 469 1105 bi
490 1047 588 1123 zenas,
610 1042 652 1105 illi
673 1047 721 1105 res
741 1043 885 1123 pretiosas
907 1040 1057 1119 colligunt,

438 1126 602 1190 subsidium
622 1128 704 1190 vitae.
749 1127 868 1207 quidam
891 1125 1044 1188 curiosior:

439 1211 618 1289 “Simonide
642 1222 674 1274 tu
695 1230 731 1273 ex
752 1212 857 1292 opibus
880 1210 921 1272 nil
943 1213 1034 1272 sumis
1056 1209 1156 1273 tuis?”
1555 1286 1556 1289 Ἴ

438 1298 590 1360 “mecum”
612 1297 708 1377 lnquit
730 1297 814 1359 “mea
836 1305 906 1358 sunt
928 1295 1059 1357 cuncta.’'
1102 1304 1175 1357 tunc
1195 1296 1281 1378 pauci
1302 1301 1442 1373 enatant,

395 1393 424 1443 to
439 1382 505 1462 quia
527 1382 627 1461 plures
648 1399 738 1442 onore
759 1379 907 1460 degravati
927 1380 1083 1459 perierant.
1555 1378 1556 1393 ³

436 1466 601 1544 praedones
622 1465 738 1542 adsunt,
759 1466 880 1545 rapiunt
901 1466 978 1545 quod
1001 1466 1122 1546 pirisque
1145 1465 1254 1544 extulit,

438 1554 533 1611 nudos
554 1550 732 1631 relinquunt„
777 1552 852 1613 ferte
875 1552 1065 1613 Clazomenae
1087 1568 1178 1630 prope

436 1639 556 1716 antiqua
575 1636 629 1698 luit
649 1636 729 1713 urbs,
752 1641 839 1716 quem
861 1636 1007 1715 petierunt
1029 1636 1168 1715 natilragi.

435 1719 483 1782 hic
504 1720 668 1783 litterarum
690 1720 810 1801 quidam
831 1719 927 1781 studio
949 1719 1071 1797 deditus,

393 1814 423 1865 20
439 1804 595 1866 Simonidis
616 1805 667 1885 qui
688 1808 775 1885 saepe
796 1822 895 1865 versus
917 1804 1026 1882 legerat

435 1893 555 1969 eratque
578 1889 705 1951 absentis
728 1889 885 1951 admirator
905 1890 1057 1965 maximus,

434 1979 571 2035 sermone
593 1974 629 2035 ab
650 1974 714 2056 ipso
737 1974 887 2053 cognitum
909 1975 1093 2053 cupidissime

435 2057 472 2120 od
495 2062 526 2119 se
541 2059 666 2139 recepit;
689 2063 778 2137 veste,
802 2059 938 2133 nummis,
959 2059 1067 2120 semilia

434 2142 583 2205 bominem
605 2144 761 2206 exornavit.
807 2145 896 2206 ceteri
918 2143 1045 2205 tabulam
1067 2160 1149 2204 suam

392 2237 422 2289 25
436 2232 555 2307 portent
575 2237 713 2306 rogantes
735 2233 849 2290 vlctom.
895 2246 967 2309 quos
989 2247 1059 2290 casu
1080 2227 1179 2288 obvios

438 2311 601 2374 Simonides
623 2321 657 2375 ut
677 2312 762 2375 vidit:
797 2312 891 2375 “dixi’'
913 2314 1011 2394 inquit
1033 2314 1118 2373 “mea

433 2414 548 2459 mecum
570 2401 634 2460 esse
656 2406 776 2473 euncta3
799 2402 849 2461 ves
871 2399 948 2477 quod
971 2397 1116 2477 rapuistis,
1139 2394 1241 2476 perit.”

816 2612 945 2665 rabban
962 2613 1040 2666 xxlll

705 2717 828 2780 MONS
856 2717 1153 2780 PARTURIENS

473 2851 559 2914 Mons
580 2852 742 2933 parturibat
764 2854 887 2932 gemitus
908 2854 1042 2915 inmanes
1064 2852 1144 2914 ciens

433 2941 553 3017 cratque
575 2939 605 2999 in
629 2938 713 3001 terris
734 2939 860 3001 maxima
883 2938 1068 3019 exspectetio.

431 3030 464 3082 at
485 3022 534 3082 lllc
555 3041 668 3086 murem
690 3025 812 3105 peperit
856 3024 914 3086 hoc
936 3024 1076 3103 scriptum
1098 3021 1222 3100 esttibi,

432 3105 490 3186 qui,
513 3111 619 3186 magna
642 3127 708 3170 cum
731 3109 861 3185 mineris,
883 3109 1006 3170 extrioes
1028 3107 1108 3169 nihil.

807 3321 935 3375 rabula
953 3321 1041 3376 xxllll

698 3424 899 3489 roburea
927 3428 982 3491 ΕΤ
1008 3427 1153 3490 Musca

472 3559 529 3637 [Nil
551 3565 637 3641 egere
660 3560 739 3643 quod
760 3581 821 3624 non
844 3562 936 3641 presit
957 3563 1061 3625 labella
1085 3561 1215 3638 indicat]

471 3647 606 3707 Formica
628 3656 658 3709 ct
678 3665 778 3709 musca
802 3648 1023 3710 contendebant
1045 3647 1150 3710 denter

431 3747 505 3808 quac
526 3730 618 3808 pluris
640 3742 725 3794 essct.
769 3737 871 3794 musca
892 3732 933 3796 sic
957 3737 1055 3813 coepit
1075 3732 1170 3812 prior:

430 3813 586 3875 “conferre
610 3817 716 3878 nostris
736 3820 769 3878 td
791 3826 876 3896 potos
896 3827 927 3880 te
949 3815 1103 3883 laudibus?

401 3898 480 3960 subi
500 3898 678 3977 immolatur,
702 3905 766 3964 exta
788 3908 944 3982 praegusto
967 3903 1073 3977 deuon

452 4085 467 4134 8
485 4086 513 4134 nt
530 4083 599 4138 aiunt
617 4082 885 4149 natusBongar-sios:
903 4086 976 4137 natus
994 4087 1023 4136 ut
1039 4083 1129 4153 ainntss
1143 4083 1193 4137 (lea
1206 4081 1325 4137 dudiue:
1342 4079 1403 4134 Gbia
1421 4083 1466 4133 ool

384 4145 457 4201 Schia
546 4155 576 4206 13
600 4150 634 4202 nil
657 4150 807 4217 Rigaltiuc:
832 4153 895 4204 nibil
993 4155 1025 4206 25
1048 4155 1150 4222 portant
1171 4153 1340 4204 Psrottinus:
1364 4149 1465 4218 perient

384 4218 426 4270 ool
440 4217 573 4285 porrigunt
635 4218 724 4272 obvios
741 4221 912 4272 Porotta'nusi
928 4220 1019 4272 obuius
1097 4222 1130 4274 26
1148 4219 1198 4272 dixi
1215 4220 1384 4272 Perottinus:
1402 4216 1464 4269 dixit

384 4287 441 4349 23‚2
458 4285 517 4352 quid
540 4286 583 4338 ille
606 4291 704 4354 pareret
724 4294 787 4355 post
808 4289 962 4356 exspectatio
980 4287 1031 4340 dcl.
1047 4287 1191 4354 Rigaltius.
1269 4289 1326 4351 24,l
1354 4286 1465 4338 socium

384 4349 519 4416 digoltim
529 4352 540 4421 [1
552 4352 589 4404 nil
605 4355 746 4407 Pittacus:
763 4355 824 4409 nibil
893 4359 910 4408 4
928 4356 1041 4408 conferre
1059 4356 1228 4410 Feretrium:
1245 4353 1351 4408 conferri
