3409 5175
1457 618 1646 670 LIBER
1684 618 1706 670 Ι
1926 633 1932 641 ·
2617 629 2689 689 11

636 792 917 870 “ingrata
960 788 1070 853 es’²
1113 790 1301 870 inquit
1346 790 1499 851 “ere
1545 808 1692 868 quae
1738 808 1770 850 e
1815 789 2014 851 nostre
2061 801 2234 870 caput

636 876 932 939 incelume
978 874 1282 936 abstuleris
1327 879 1385 935 et
1428 875 1758 936 mercedem
1801 875 2115 953 pestuIeS.”

1411 1038 1665 1090 FABULA
1702 1038 1830 1090 V1111

942 1143 1223 1205 PASSER
1266 1144 1362 1206 AD
1408 1142 1768 1203 LEPOREM
1815 1143 2311 1206 CONSILIATOR

730 1262 848 1324 Sibi
890 1263 1010 1323 ndn
1057 1280 1259 1322 cavere
1302 1270 1361 1322 et
1404 1259 1529 1321 eliis
1572 1260 1884 1321 consilium
1932 1261 2068 1323 dare

641 1347 885 1410 stultum
928 1351 1059 1407 esse
1101 1343 1303 1425 paucis
1346 1345 1726 1406 estendamus
1768 1344 2042 1407 versibus

724 1431 1086 1510 Oppressum
1129 1430 1202 1490 ab
1246 1428 1468 1509 aquila,
1512 1429 1682 1489 fletus
1727 1429 1998 1492 edentem
2042 1449 2246 1508 graves

636 1518 896 1595 leporem
941 1514 1283 1591 obiurgabat
1325 1514 1557 1592 pesser:
1608 1513 1759 1572 “ubi
1800 1514 2117 1593 pernicitas

647 1600 829 1661 nota”
873 1599 1063 1678 inquit
1109 1597 1259 1657 “illa
1304 1595 1432 1658 est?
1477 1595 1614 1675 quid
1658 1597 1738 1657 ita
1783 1604 2087 1659 cessarunt
2128 1600 2394 1678 pedes‘I’'
2665 1616 2695 1665 5

636 1685 777 1746 dum
821 1683 1108 1763 loquitur,
1153 1682 1344 1760 ipsum
1389 1681 1665 1759 accipiter
1711 1681 2066 1760 necopinum
2109 1685 2259 1763 rapit

635 1773 965 1847 questuque
1007 1786 1155 1827 vano
1200 1766 1596 1827 clamitantem
1639 1765 1930 1827 interficit.

636 1852 805 1931 lepus
846 1851 1247 1912 semianimus:
1296 1850 1549 1910 “mertis
1593 1868 1668 1909 en
1715 1849 1956 1911 solacia!

638 1938 741 2015 qui
784 1935 959 1996 medo
1004 1953 1243 1997 securus
1285 1939 1483 1995 nestra
1531 1934 1826 1995 inridebiis
1870 1935 2038 2011 mala,

635 2021 808 2081 simili
849 2020 1084 2101 querela
1127 2021 1243 2081 feta
1287 2019 1557 2099 deplores
1600 2018 1754 2079 tua.”
2642 2036 2696 2085 ιο

1455 2182 1711 2235 FABULA
1747 2182 1794 2234 X

988 2286 1229 2347 LUPUS
1271 2287 1367 2348 ET
1410 2287 1693 2349 VULPES
1738 2287 1995 2349 IUDICE
2055 2288 2259 2349 SIMIO

731 2405 1079 2482 Quicunque
1124 2404 1277 2482 turpi
1325 2405 1529 2465 fraude
1572 2404 1756 2464 semel
1797 2404 2070 2481 inndtuit,

636 2490 810 2551 etiem
857 2489 904 2549 si
949 2506 1147 2549 verum
1191 2489 1359 2563 dicit,
1406 2489 1616 2550 amittit
1659 2489 1854 2549 fidem.

636 2576 749 2636 hoc
795 2573 1115 2635 edtestatur
1156 2573 1343 2635 brevis
1384 2574 1594 2652 Aesopi
1636 2573 1849 2636 fabula.

721 2657 923 2736 Lupus
966 2659 1246 2737 arguebat
1286 2659 1521 2736 vulpem
1563 2659 1698 2719 furti
1744 2659 2022 2733 crimine;

639 2742 891 2821 negabat
931 2744 1030 2804 illa
1074 2761 1136 2803 se
1180 2747 1310 2804 esse
1354 2743 1561 2822 culpae
1603 2744 1947 2821 preximam.
2668 2758 2698 2806 5

637 2839 781 2888 tunc
822 2827 996 2889 iudex
1038 2827 1192 2888 inter
1236 2827 1371 2888 illos
1416 2827 1565 2889 sedit
1607 2827 1826 2888 simius.

636 2916 879 2990 uterque
924 2929 1157 2972 causam
1202 2916 1335 2971 cum
1378 2916 1753 2989 perorassent
1795 2930 1981 2988 suam,

636 2996 850 3056 dixisse
894 2996 1077 3055 fertur
1119 2994 1320 3055 simius
1366 2995 1751 3056 sententiam:

640 3082 754 3142 “tu
801 3085 921 3140 nen
965 3079 1174 3139 videris
1216 3079 1536 3158 perdidisse
1578 3079 1732 3157 quod
1779 3079 1928 3157 petis
1941 3097 1958 3154 ;

639 3171 697 3226 te
741 3165 916 3224 credo
962 3163 1316 3242 subripuisse
1361 3164 1516 3242 quod
1559 3164 1804 3242 pulchre
1850 3163 2083 3241 negas.”
2641 3175 2699 3226 10

1435 3320 1695 3380 FABULA
1741 3327 1810 3380 XI

1114 3433 1378 3494 ASINUS
1421 3433 1517 3494 ET
1560 3433 1710 3494 LEO
1756 3433 2140 3494 VENANTES

721 3547 959 3610 Virtutis
1001 3567 1240 3628 experS‚
1285 3549 1474 3610 verbis
1516 3550 1740 3611 iactans
1786 3548 1984 3612 Gloria

649 3631 883 3710 ignetos
926 3633 1102 3708 fallit,
1148 3635 1300 3695 netis
1344 3643 1433 3695 est
1476 3634 1712 3694 derisui.

724 3716 935 3778 Veneri
977 3718 1154 3780 asello
1200 3719 1411 3780 cernite
1456 3738 1589 3779 cum
1634 3717 1804 3780 vellet
1848 3718 1961 3791 leo,

646 3800 903 3862 contexit
945 3801 1109 3862 illum
1153 3804 1357 3865 frutice
1402 3813 1460 3864 et
1504 3804 1809 3865 admonuit
1854 3801 2042 3879 simul,

646 3892 713 3943 ut
755 3886 984 3946 insueta
1028 3891 1167 3948 vece
1213 3893 1455 3949 terreret
1497 3890 1673 3950 feras:
2667 3899 2699 3949 5

640 3968 938 4046 fugientes
980 3969 1104 4048 ipse
1148 3975 1458 4050 exciperet.
1548 3973 1645 4033 hic
1689 3971 1970 4033 auritulus

699 4140 755 4188 11
798 4149 825 4186 e
862 4135 985 4187 add.
1020 4134 1293 4186 Bentleius
1435 4141 1494 4189 12
1526 4139 1756 4204 postules
1794 4134 2212 4194 Rittershusius:
2248 4137 2475 4201 postulas
2614 4139 2697 4199 9‚8

565 4217 628 4255 en
666 4202 842 4255 solatia
877 4204 1157 4253 Heinsius:
1204 4203 1256 4253 in
1294 4202 1473 4256 solatio
1648 4209 1764 4262 10,4
1801 4204 1915 4255 furti
1952 4205 2230 4254 Pithoeus:
2267 4202 2381 4254 forti
2520 4207 2550 4256 8
2587 4218 2702 4255 sen-

558 4271 767 4323 tentiam
802 4271 1081 4321 Pithoeus:
1119 4271 1331 4322 sentiam
1471 4276 1579 4337 11‚1
1620 4273 1776 4339 gloria
1812 4271 2116 4323 Bentleius:
2152 4271 2361 4338 gloriam
2505 4277 2537 4326 6
2575 4271 2704 4324 auri-

566 4337 698 4390 tulus
733 4336 1036 4404 Rigaltius:
1073 4339 1322 4391 auriculus
2524 4367 2529 4371 ·
