3409 5175
694 610 789 663 LIBER
807 612 837 663 111

680 880 806 932 meme
823 880 890 933 xrm
921 858 922 864 ’
989 866 992 871 ’

487 984 542 1061 DE
572 982 689 1046 LUSU
716 982 771 1045 ET
800 984 1084 1051 SEVERITATE

329 1119 491 1180 Puerrtrum
512 1119 544 1178 in
567 1118 651 1180 turbe
673 1120 790 1200 quidam
812 1120 963 1203 ludentem
985 1108 1099 1187 Atticus

284 1203 435 1281 Aesepum
457 1203 580 1270 nucibus
602 1208 670 1265 ertm
691 1204 818 1280 vidisset,
840 1206 945 1268 restitit

284 1297 317 1348 et
338 1289 419 1367 quasi
441 1288 564 1348 delirum
585 1288 657 1349 risit.
703 1289 782 1367 quod
803 1292 896 1351 sensit
918 1291 1004 1353 simul

285 1372 401 1433 derisor
421 1373 518 1451 potius
540 1363 627 1453 quem
650 1373 828 1435 deridendr'rs
850 1394 949 1455 senex,

285 1461 387 1517 merim
409 1456 558 1519 retensum
580 1458 678 1536 ptsuir
698 1458 729 1518 in
751 1459 846 1519 mediet
868 1458 927 1521 via:
1306 1480 1321 1529 s

285 1542 421 1603 “beust''
444 1543 547 1621 inquit,
570 1543 717 1621 “sepiens,
741 1544 844 1622 expedi
866 1544 935 1623 quid
956 1546 1103 1608 fecerim.”

283 1627 433 1688 conemrit
454 1626 588 1705 populus.
633 1627 683 1688 ille
705 1646 736 1688 se
758 1632 874 1707 torquet
895 1628 944 1689 diu

283 1728 341 1772 nee
363 1711 540 1791 quaestionis
561 1710 672 1789 pesitae
695 1731 812 1773 eausam
834 1713 985 1793 intellegit

282 1796 438 1857 novissime
460 1796 632 1857 suecrimbit.
677 1802 739 1858 tum
760 1796 853 1858 vietdr
875 1800 1014 1876 sophus:⁴

283 1881 476 1958 “corrrimpes
497 1899 605 1957 areum,
629 1885 745 1961 semper
766 1883 790 1942 si
813 1892 929 1943 tensum
951 1882 1103 1961 hebueris;
1293 1899 1320 1949 ιο

282 1973 314 2026 et
335 1966 360 2025 si
380 1965 493 2038 laxaris,
517 1970 583 2025 cr'rm
606 1966 685 2027 voles
707 1967 762 2027 erit
783 1967 871 2028 milis,

282 2048 325 2110 sic
347 2050 433 2111 lr'rdus
454 2050 552 2111 animo
575 2050 661 2111 debet
682 2050 838 2129 aliquande
860 2050 933 2127 dari,

283 2135 322 2194 ad
344 2135 532 2213 cogitandum
553 2134 655 2197 melior
676 2145 709 2197 ut
729 2135 830 2197 rede'at
852 2136 931 2198 tibi.’'

682 2350 810 2402 seems
828 2351 873 2402 xv

581 2454 711 2518 CANIS
739 2455 792 2517 11)
821 2454 974 2519 AGNUM
1044 2517 1050 2533 ,

323 2589 405 2651 Inter
426 2591 552 2669 capellas
575 2592 651 2670 egno
673 2592 785 2672 palantr'
809 2592 905 2654 canis:

281 2674 404 2736 “stulte’'
428 2677 524 2755 inquit
547 2678 662 2738 “erres:
686 2681 747 2738 nen
771 2686 814 2739 est
835 2678 884 2738 hie
905 2681 1000 2738 mater
1020 2676 1099 2752 tm,”

279 2763 403 2840 ovesque
425 2761 592 2838 segregttas
613 2763 740 2823 ostendit
761 2761 874 2841 procul.

279 2847 360 2906 “non
383 2844 464 2906 illam
486 2864 603 2924 quaero,
626 2851 708 2925 quae,
732 2865 799 2908 cum
820 2846 935 2907 libitum
957 2853 1010 2920 est,
1033 2845 1171 2924 concipit,
1392 2917 1397 2927 .

279 2928 345 2990 dein
368 2934 466 3007 pertet
487 2950 562 2990 onus
584 2930 717 3008 ignotum
738 2930 824 2992 certis
845 2930 1005 3006 mensibus,
1297 2945 1313 2994 5

278 3015 433 3074 novissime
454 3015 621 3094 prolepsam
644 3015 768 3076 effundit
788 3015 949 3088 struinam

274 3117 375 3159 verum
398 3099 487 3176 illam,
512 3118 586 3180 quae
608 3119 654 3161 me
677 3101 771 3161 nrttrit
791 3101 908 3160 admoto
931 3097 1021 3160 ubere

277 3183 447 3263 frendetque
471 3192 555 3246 natos
576 3185 661 3261 Mete,
685 3204 723 3246 ne
745 3185 820 3246 desit
840 3183 938 3245 mihi.’'

277 3270 395 3329 “tamen
420 3269 467 3329 r'lla
491 3280 535 3330 est
556 3271 660 3347 potior,
683 3274 756 3348 quae
779 3278 808 3330 te
829 3269 970 3348 peperit.''
1015 3269 1094 3328 “non
1117 3267 1156 3330 ita
1179 3276 1239 3331 est:

276 3353 354 3413 unde
377 3353 426 3413 rna
449 3353 538 3429 seivit,
562 3358 646 3432 niger
667 3373 703 3414 an
728 3355 810 3414 albus
832 3351 991 3415 neseerer?
1284 3365 1311 3416 ιο

276 3454 329 3514 ege
348 3438 454 3514 prtrro,
477 3457 578 3514 perere
600 3441 625 3499 si
647 3438 783 3500 voluisset
804 3438 952 3514 seminem,

276 3521 343 3600 quid
364 3522 542 3600 profecisset,
566 3527 632 3584 erim
656 3541 772 3584 crearer
792 3520 960 3584 meseulus?

274 3603 447 3685 beneficium
469 3626 608 3686 magnum
631 3611 701 3669 stne
723 3608 813 3668 natali
836 3608 924 3682 dedit,

275 3697 307 3750 ut
327 3695 525 3771 exspectarem
547 3693 660 3754 limium
679 3692 709 3752 in
731 3692 818 3753 horas
839 3690 988 3769 singulas!

301 3860 354 3921 14,3
373 3857 479 3910 delirum
496 3859 663 3911 Perottr'nm:
681 3860 792 3911 delerem
844 3861 860 3910 9
879 3857 974 3923 sophus
991 3855 1175 3922 Bengarst'us:
1191 3856 1309 3922 Aesopus

233 3927 266 3976 10
284 3939 427 3992 eorrumpes
444 3927 593 3979 Bentleim:
613 3929 662 3980 cito
679 3943 781 3994 rumpes
853 3929 883 3978 12
902 3925 996 3978 ludus.
1010 3964 1036 3981 ..
1050 3925 1125 3976 debet
1141 3923 1308 3986 Schefferue:

229 3993 303 4043 lusus
321 4032 326 4044 .
345 4031 351 4043 .
371 4033 377 4046 .
397 3993 490 4046 debent
595 3999 650 4060 15‚1
675 3996 769 4063 pelenti
793 3995 936 4046 Praeettus
960 3999 997 4052 (et
1013 3994 1138 4044 similiter
1154 3990 1308 4050 Romulmt:

229 4059 329 4111 bellanti
432 4065 447 4114 2
466 4064 506 4114 hic
523 4062 651 4114 Romulus
668 4069 695 4113 et
711 4079 757 4114 an.
775 4061 910 4113 Nitentii:
929 4062 990 4112 haec
1089 4063 1104 4112 5
1123 4057 1180 4110 dein
1197 4059 1308 4112 Perelli-

229 4143 294 4178 nus:
317 4128 407 4181 deinde
512 4133 603 4183 11.12
627 4145 674 4195 ege
696 4146 772 4196 porro
797 4144 889 4197 parere¹
910 4129 931 4180 si
948 4129 1071 4180 voluisset
1095 4125 1213 4178 seminam
1227 4125 1232 4194 Ι
1248 4128 1309 4195 quid

228 4195 375 4262 prefecisset
393 4213 470 4264 quum
494 4212 592 4249 crearer
614 4198 743 4249 masculus
765 4198 949 4248 Perottinue:-
971 4211 1018 4260 ege
1041 4209 1116 4261 porro
1136 4192 1240 4246 fecisset
1257 4195 1309 4257 (vel

228 4264 325 4319 suissett
345 4281 401 4316 cum
420 4280 517 4316 crearer
534 4265 662 4316 masculus
733 4267 764 4317 13
784 4265 859 4316 merli
877 4265 1046 4316 Perottr'nur:
1064 4262 1146 4316 natale
1216 4265 1248 4314 14
1266 4277 1306 4313 ex-

229 4337 366 4398 spectarem
384 4333 555 4383 Perottiuue:
573 4336 711 4399 spectarem

1064 4415 1100 4467 3*
