<?xml version="1.0" encoding="UTF-8"?>
<!DOCTYPE html PUBLIC "-//W3C//DTD XHTML 1.0 Transitional//EN"
    "http://www.w3.org/TR/xhtml1/DTD/xhtml1-transitional.dtd">
<html xmlns="http://www.w3.org/1999/xhtml" xml:lang="en" lang="en">
 <head>
  <title>
</title>
<meta http-equiv="Content-Type" content="text/html;charset=utf-8" />
  <meta name='ocr-system' content='tesseract 3.04.00' />
  <meta name='ocr-capabilities' content='ocr_page ocr_carea ocr_par ocr_line ocrx_word'/>
</head>
<body>
  <div class='ocr_page' id='page_1' title='image "./phaedrifabulaef00phaegoog_0073.png"; bbox 0 0 3409 5175; ppageno 0'>
   <div class='ocr_carea' id='block_1_1' title="bbox 687 608 892 663">
    <p class='ocr_par' dir='ltr' id='par_1_1' title="bbox 687 608 892 663">
     <span class='ocr_line' id='line_1_1' title="bbox 687 608 892 663; baseline 0 0"><span class='ocrx_word' id='word_1_1' title='bbox 687 608 892 663; x_wconf 72' lang='lat' dir='ltr'><strong>eunomium</strong></span> 
     </span>
    </p>
   </div>
   <div class='ocr_carea' id='block_1_2' title="bbox 271 778 1105 2121">
    <p class='ocr_par' dir='ltr' id='par_1_2' title="bbox 309 778 995 861">
     <span class='ocr_line' id='line_1_2' title="bbox 309 778 995 861; baseline -0.001 -18"><span class='ocrx_word' id='word_1_2' title='bbox 309 783 360 845; x_wconf 80' lang='lat' dir='ltr'><strong>lux</strong></span> <span class='ocrx_word' id='word_1_3' title='bbox 379 781 490 861; x_wconf 74' lang='lat' dir='ltr'><strong>repitur</strong></span> <span class='ocrx_word' id='word_1_4' title='bbox 511 779 603 842; x_wconf 89' lang='lat' dir='ltr'><strong>oculis</strong></span> <span class='ocrx_word' id='word_1_5' title='bbox 624 785 654 842; x_wconf 91' lang='lat' dir='ltr'><strong>et</strong></span> <span class='ocrx_word' id='word_1_6' title='bbox 674 779 760 842; x_wconf 89' lang='lat' dir='ltr'><strong>simul</strong></span> <span class='ocrx_word' id='word_1_7' title='bbox 780 778 823 841; x_wconf 84' lang='lat' dir='ltr'><strong>vis</strong></span> <span class='ocrx_word' id='word_1_8' title='bbox 844 779 995 857; x_wconf 84' lang='lat' dir='ltr'><strong>grendinis</strong></span> 
     </span>
    </p>

    <p class='ocr_par' dir='ltr' id='par_1_3' title="bbox 310 863 978 946">
     <span class='ocr_line' id='line_1_3' title="bbox 310 863 978 946; baseline -0.004 -18"><span class='ocrx_word' id='word_1_9' title='bbox 310 866 401 929; x_wconf 77' lang='lat' dir='ltr'><strong>effusa</strong></span> <span class='ocrx_word' id='word_1_10' title='bbox 424 865 553 946; x_wconf 88' lang='lat' dir='ltr'><strong>trepidos</strong></span> <span class='ocrx_word' id='word_1_11' title='bbox 573 864 683 944; x_wconf 76' lang='lat' dir='ltr'><strong>pessim</strong></span> <span class='ocrx_word' id='word_1_12' title='bbox 705 863 826 926; x_wconf 80' lang='lat' dir='ltr'><strong>comites</strong></span> <span class='ocrx_word' id='word_1_13' title='bbox 847 864 978 943; x_wconf 74' lang='lat' dir='ltr'><strong>dissipat,</strong></span> 
     </span>
    </p>

    <p class='ocr_par' dir='ltr' id='par_1_4' title="bbox 271 948 1079 1112">
     <span class='ocr_line' id='line_1_4' title="bbox 310 948 1079 1032; baseline -0.005 -19"><span class='ocrx_word' id='word_1_14' title='bbox 310 951 363 1013; x_wconf 87' lang='lat' dir='ltr'><strong>sihi</strong></span> <span class='ocrx_word' id='word_1_15' title='bbox 385 956 530 1032; x_wconf 80' lang='lat' dir='ltr'><strong>quemque</strong></span> <span class='ocrx_word' id='word_1_16' title='bbox 552 966 661 1028; x_wconf 88' lang='lat' dir='ltr'><strong>cogens</strong></span> <span class='ocrx_word' id='word_1_17' title='bbox 681 954 782 1029; x_wconf 89' lang='lat' dir='ltr'><strong>petere</strong></span> <span class='ocrx_word' id='word_1_18' title='bbox 803 948 981 1027; x_wconf 78' lang='lat' dir='ltr'><strong>praesidiitm</strong></span> <span class='ocrx_word' id='word_1_19' title='bbox 1003 950 1079 1029; x_wconf 82' lang='lat' dir='ltr'><strong>iuga.</strong></span> 
     </span>
     <span class='ocr_line' id='line_1_5' title="bbox 271 1032 956 1112; baseline -0.004 -14"><span class='ocrx_word' id='word_1_20' title='bbox 271 1060 274 1067; x_wconf 93' lang='lat'><em>·</em></span> <span class='ocrx_word' id='word_1_21' title='bbox 309 1035 416 1098; x_wconf 85' lang='lat' dir='ltr'><strong>asellus</strong></span> <span class='ocrx_word' id='word_1_22' title='bbox 437 1043 540 1097; x_wconf 90' lang='lat' dir='ltr'><strong>notum</strong></span> <span class='ocrx_word' id='word_1_23' title='bbox 561 1034 724 1112; x_wconf 81' lang='lat' dir='ltr'><strong>prenimum</strong></span> <span class='ocrx_word' id='word_1_24' title='bbox 746 1037 857 1096; x_wconf 81' lang='lat' dir='ltr'><strong>tectdm</strong></span> <span class='ocrx_word' id='word_1_25' title='bbox 879 1032 956 1095; x_wconf 81' lang='lat' dir='ltr'>subit</span> 
     </span>
    </p>

    <p class='ocr_par' dir='ltr' id='par_1_5' title="bbox 309 1116 949 1198">
     <span class='ocr_line' id='line_1_6' title="bbox 309 1116 949 1198; baseline -0.008 -15"><span class='ocrx_word' id='word_1_26' title='bbox 309 1129 339 1183; x_wconf 91' lang='lat' dir='ltr'><strong>et</strong></span> <span class='ocrx_word' id='word_1_27' title='bbox 359 1124 430 1181; x_wconf 87' lang='lat' dir='ltr'><strong>rece</strong></span> <span class='ocrx_word' id='word_1_28' title='bbox 450 1137 558 1198; x_wconf 87' lang='lat' dir='ltr'><strong>magna</strong></span> <span class='ocrx_word' id='word_1_29' title='bbox 579 1122 643 1185; x_wconf 82' lang='lat' dir='ltr'><strong>sese</strong></span> <span class='ocrx_word' id='word_1_30' title='bbox 664 1118 778 1179; x_wconf 81' lang='lat' dir='ltr'><strong>venisse</strong></span> <span class='ocrx_word' id='word_1_31' title='bbox 799 1116 918 1178; x_wconf 80' lang='lat' dir='ltr'><strong>indicat.</strong></span> <span class='ocrx_word' id='word_1_32' title='bbox 945 1128 949 1137; x_wconf 86' lang='lat'>&#39;</span> 
     </span>
    </p>

    <p class='ocr_par' dir='ltr' id='par_1_6' title="bbox 310 1199 1105 1284">
     <span class='ocr_line' id='line_1_7' title="bbox 310 1199 1105 1284; baseline -0.005 -19"><span class='ocrx_word' id='word_1_33' title='bbox 310 1208 488 1284; x_wconf 81' lang='lat' dir='ltr'><strong>procerrunt</strong></span> <span class='ocrx_word' id='word_1_34' title='bbox 508 1202 600 1281; x_wconf 87' lang='lat' dir='ltr'><strong>pueri,</strong></span> <span class='ocrx_word' id='word_1_35' title='bbox 623 1202 775 1281; x_wconf 83' lang='lat' dir='ltr'><strong>pirichram</strong></span> <span class='ocrx_word' id='word_1_36' title='bbox 798 1199 942 1281; x_wconf 91' lang='lat' dir='ltr'><strong>aspiciunt</strong></span> <span class='ocrx_word' id='word_1_37' title='bbox 963 1201 1105 1282; x_wconf 87' lang='lat' dir='ltr'><strong>virginem</strong></span> 
     </span>
    </p>

    <p class='ocr_par' dir='ltr' id='par_1_7' title="bbox 309 1284 989 1350">
     <span class='ocr_line' id='line_1_8' title="bbox 309 1284 989 1350; baseline -0.001 0"><span class='ocrx_word' id='word_1_38' title='bbox 309 1298 340 1350; x_wconf 90' lang='lat' dir='ltr'><strong>et</strong></span> <span class='ocrx_word' id='word_1_39' title='bbox 361 1287 556 1350; x_wconf 77' lang='lat' dir='ltr'><strong>admirantur:</strong></span> <span class='ocrx_word' id='word_1_40' title='bbox 579 1285 687 1348; x_wconf 88' lang='lat' dir='ltr'><strong>deinde</strong></span> <span class='ocrx_word' id='word_1_41' title='bbox 710 1284 828 1348; x_wconf 90' lang='lat' dir='ltr'><strong>domino</strong></span> <span class='ocrx_word' id='word_1_42' title='bbox 850 1286 989 1349; x_wconf 80' lang='lat' dir='ltr'><strong>nondam</strong></span> 
     </span>
    </p>

    <p class='ocr_par' dir='ltr' id='par_1_8' title="bbox 309 1369 895 1449">
     <span class='ocr_line' id='line_1_9' title="bbox 309 1369 895 1449; baseline -0.009 -14"><span class='ocrx_word' id='word_1_43' title='bbox 309 1373 388 1435; x_wconf 91' lang='lat' dir='ltr'><strong>inter</strong></span> <span class='ocrx_word' id='word_1_44' title='bbox 408 1371 522 1434; x_wconf 89' lang='lat' dir='ltr'><strong>sodales</strong></span> <span class='ocrx_word' id='word_1_45' title='bbox 544 1370 594 1432; x_wconf 87' lang='lat' dir='ltr'><strong>tile</strong></span> <span class='ocrx_word' id='word_1_46' title='bbox 614 1388 725 1449; x_wconf 92' lang='lat' dir='ltr'><strong>paucos</strong></span> <span class='ocrx_word' id='word_1_47' title='bbox 746 1369 895 1431; x_wconf 82' lang='lat' dir='ltr'><strong>edcubans</strong></span> 
     </span>
    </p>

    <p class='ocr_par' dir='ltr' id='par_1_9' title="bbox 309 1454 873 1533">
     <span class='ocr_line' id='line_1_10' title="bbox 309 1454 873 1533; baseline -0.007 -15"><span class='ocrx_word' id='word_1_48' title='bbox 309 1461 438 1518; x_wconf 84' lang='lat' dir='ltr'><strong>emerem</strong></span> <span class='ocrx_word' id='word_1_49' title='bbox 460 1454 571 1517; x_wconf 82' lang='lat' dir='ltr'><strong>crebris</strong></span> <span class='ocrx_word' id='word_1_50' title='bbox 592 1454 729 1516; x_wconf 79' lang='lat' dir='ltr'><strong>evocabat</strong></span> <span class='ocrx_word' id='word_1_51' title='bbox 750 1454 873 1533; x_wconf 82' lang='lat' dir='ltr'><strong>peculie.</strong></span> 
     </span>
    </p>

    <p class='ocr_par' dir='ltr' id='par_1_10' title="bbox 307 1536 925 1615">
     <span class='ocr_line' id='line_1_11' title="bbox 307 1536 925 1615; baseline -0.008 -13"><span class='ocrx_word' id='word_1_52' title='bbox 307 1540 358 1602; x_wconf 90' lang='lat' dir='ltr'><strong>ubi</strong></span> <span class='ocrx_word' id='word_1_53' title='bbox 380 1540 546 1601; x_wconf 78' lang='lat' dir='ltr'><strong>nentiatum</strong></span> <span class='ocrx_word' id='word_1_54' title='bbox 568 1547 622 1614; x_wconf 65' lang='lat' dir='ltr'><strong>est,</strong></span> <span class='ocrx_word' id='word_1_55' title='bbox 644 1543 792 1599; x_wconf 81' lang='lat' dir='ltr'><strong>recreatus</strong></span> <span class='ocrx_word' id='word_1_56' title='bbox 813 1536 925 1615; x_wconf 79' lang='lat' dir='ltr'><strong>gaddiis</strong></span> 
     </span>
    </p>

    <p class='ocr_par' dir='ltr' id='par_1_11' title="bbox 308 1620 1034 1701">
     <span class='ocr_line' id='line_1_12' title="bbox 308 1620 1034 1701; baseline -0.003 -15"><span class='ocrx_word' id='word_1_57' title='bbox 308 1625 443 1686; x_wconf 81' lang='lat' dir='ltr'><strong>hortente</strong></span> <span class='ocrx_word' id='word_1_58' title='bbox 464 1623 581 1684; x_wconf 89' lang='lat' dir='ltr'><strong>Baccho</strong></span> <span class='ocrx_word' id='word_1_59' title='bbox 603 1631 633 1683; x_wconf 90' lang='lat' dir='ltr'><strong>et</strong></span> <span class='ocrx_word' id='word_1_60' title='bbox 654 1622 777 1698; x_wconf 85' lang='lat' dir='ltr'><strong>Venere,</strong></span> <span class='ocrx_word' id='word_1_61' title='bbox 799 1620 900 1682; x_wconf 78' lang='lat' dir='ltr'>dulces</span> <span class='ocrx_word' id='word_1_62' title='bbox 921 1621 1034 1701; x_wconf 83' lang='lat' dir='ltr'><strong>perficit</strong></span> 
     </span>
    </p>

    <p class='ocr_par' dir='ltr' id='par_1_12' title="bbox 308 1706 875 1787">
     <span class='ocr_line' id='line_1_13' title="bbox 308 1706 875 1787; baseline -0.007 -17"><span class='ocrx_word' id='word_1_63' title='bbox 308 1706 489 1787; x_wconf 77' lang='lat' dir='ltr'><strong>aequelitatis</strong></span> <span class='ocrx_word' id='word_1_64' title='bbox 510 1707 588 1768; x_wconf 89' lang='lat' dir='ltr'><strong>inter</strong></span> <span class='ocrx_word' id='word_1_65' title='bbox 608 1706 727 1786; x_wconf 82' lang='lat' dir='ltr'>plausus</span> <span class='ocrx_word' id='word_1_66' title='bbox 748 1706 875 1784; x_wconf 77' lang='lat' dir='ltr'><strong>neptias.</strong></span> 
     </span>
    </p>

    <p class='ocr_par' dir='ltr' id='par_1_13' title="bbox 309 1787 1047 1873">
     <span class='ocr_line' id='line_1_14' title="bbox 309 1787 1047 1873; baseline -0.005 -21"><span class='ocrx_word' id='word_1_67' title='bbox 309 1796 453 1873; x_wconf 81' lang='lat' dir='ltr'><strong>quaerent</strong></span> <span class='ocrx_word' id='word_1_68' title='bbox 474 1798 611 1869; x_wconf 87' lang='lat' dir='ltr'><strong>parentes</strong></span> <span class='ocrx_word' id='word_1_69' title='bbox 631 1794 686 1869; x_wconf 86' lang='lat' dir='ltr'><strong>per</strong></span> <span class='ocrx_word' id='word_1_70' title='bbox 705 1806 883 1868; x_wconf 75' lang='lat' dir='ltr'><strong>praeconem</strong></span> <span class='ocrx_word' id='word_1_71' title='bbox 904 1787 1010 1867; x_wconf 80' lang='lat' dir='ltr'><strong>iiliam3</strong></span> <span class='ocrx_word' id='word_1_72' title='bbox 1045 1790 1047 1795; x_wconf 85' lang='lat'>&#39;</span> 
     </span>
    </p>

    <p class='ocr_par' dir='ltr' id='par_1_14' title="bbox 308 1872 923 1954">
     <span class='ocr_line' id='line_1_15' title="bbox 308 1872 923 1954; baseline -0.007 -17"><span class='ocrx_word' id='word_1_73' title='bbox 308 1880 402 1937; x_wconf 81' lang='lat' dir='ltr'><strong>noves</strong></span> <span class='ocrx_word' id='word_1_74' title='bbox 422 1876 542 1937; x_wconf 88' lang='lat' dir='ltr'><strong>maritus</strong></span> <span class='ocrx_word' id='word_1_75' title='bbox 563 1872 687 1954; x_wconf 88' lang='lat' dir='ltr'><strong>ceniuge</strong></span> <span class='ocrx_word' id='word_1_76' title='bbox 709 1874 813 1935; x_wconf 74' lang='lat' dir='ltr'><strong>amissi</strong></span> <span class='ocrx_word' id='word_1_77' title='bbox 836 1872 923 1934; x_wconf 88' lang='lat' dir='ltr'><strong>dolet.</strong></span> 
     </span>
    </p>

    <p class='ocr_par' dir='ltr' id='par_1_15' title="bbox 309 1955 1057 2039">
     <span class='ocr_line' id='line_1_16' title="bbox 309 1955 1057 2039; baseline -0.005 -17"><span class='ocrx_word' id='word_1_78' title='bbox 309 1960 377 2039; x_wconf 92' lang='lat' dir='ltr'><strong>quid</strong></span> <span class='ocrx_word' id='word_1_79' title='bbox 400 1964 477 2021; x_wconf 88' lang='lat' dir='ltr'><strong>esset</strong></span> <span class='ocrx_word' id='word_1_80' title='bbox 497 1968 594 2021; x_wconf 87' lang='lat' dir='ltr'><strong>actum</strong></span> <span class='ocrx_word' id='word_1_81' title='bbox 615 1964 770 2038; x_wconf 86' lang='lat' dir='ltr'><strong>pestquam</strong></span> <span class='ocrx_word' id='word_1_82' title='bbox 790 1956 898 2035; x_wconf 82' lang='lat' dir='ltr'><strong>populo</strong></span> <span class='ocrx_word' id='word_1_83' title='bbox 920 1955 1057 2032; x_wconf 85' lang='lat' dir='ltr'><strong>inndtuit,</strong></span> 
     </span>
    </p>

    <p class='ocr_par' dir='ltr' id='par_1_16' title="bbox 309 2038 975 2121">
     <span class='ocr_line' id='line_1_17' title="bbox 309 2038 975 2121; baseline -0.011 -15"><span class='ocrx_word' id='word_1_84' title='bbox 309 2048 412 2106; x_wconf 89' lang='lat' dir='ltr'><strong>omnes</strong></span> <span class='ocrx_word' id='word_1_85' title='bbox 433 2044 560 2104; x_wconf 81' lang='lat' dir='ltr'><strong>favorem</strong></span> <span class='ocrx_word' id='word_1_86' title='bbox 582 2041 809 2121; x_wconf 85' lang='lat' dir='ltr'><strong>cemprobarunt</strong></span> <span class='ocrx_word' id='word_1_87' title='bbox 831 2038 975 2101; x_wconf 83' lang='lat' dir='ltr'><strong>coelitum.</strong></span> 
     </span>
    </p>
   </div>
   <div class='ocr_carea' id='block_1_3' title="bbox 556 2218 1051 2420">
    <p class='ocr_par' dir='ltr' id='par_1_17' title="bbox 556 2218 1051 2420">
     <span class='ocr_line' id='line_1_18' title="bbox 640 2218 965 2335; baseline -0.003 -30"><span class='ocrx_word' id='word_1_88' title='bbox 640 2253 769 2305; x_wconf 76' lang='lat' dir='ltr'><strong>renone</strong></span> <span class='ocrx_word' id='word_1_89' title='bbox 786 2218 891 2335; x_wconf 56' lang='lat' dir='ltr'><strong>xv&#39;ec</strong></span> <span class='ocrx_word' id='word_1_90' title='bbox 911 2254 965 2321; x_wconf 68' lang='lat' dir='ltr'><strong>or.)</strong></span> 
     </span>
     <span class='ocr_line' id='line_1_19' title="bbox 556 2354 1051 2420; baseline -0.002 -2"><span class='ocrx_word' id='word_1_91' title='bbox 556 2357 760 2420; x_wconf 76' lang='lat' dir='ltr'>AESOPUS</span> <span class='ocrx_word' id='word_1_92' title='bbox 788 2356 845 2418; x_wconf 85' lang='grc' dir='ltr'><strong>ΕΤ</strong></span> <span class='ocrx_word' id='word_1_93' title='bbox 874 2354 1051 2419; x_wconf 76' lang='grc' dir='ltr'><strong>ΒΟΜΙΝΑ</strong></span> 
     </span>
    </p>
   </div>
   <div class='ocr_carea' id='block_1_4' title="bbox 472 2488 1134 2561">
    <p class='ocr_par' dir='ltr' id='par_1_18' title="bbox 472 2488 1134 2561">
     <span class='ocr_line' id='line_1_20' title="bbox 472 2488 1134 2561; baseline 0 -22"><span class='ocrx_word' id='word_1_94' title='bbox 472 2488 576 2561; x_wconf 77' lang='lat' dir='ltr'><strong>Quom</strong></span> <span class='ocrx_word' id='word_1_95' title='bbox 599 2494 725 2541; x_wconf 80' lang='lat' dir='ltr'><strong>noceat</strong></span> <span class='ocrx_word' id='word_1_96' title='bbox 745 2504 848 2555; x_wconf 80' lang='lat' dir='ltr'><strong>caepe</strong></span> <span class='ocrx_word' id='word_1_97' title='bbox 871 2502 987 2539; x_wconf 81' lang='lat' dir='ltr'><strong>oerum</strong></span> <span class='ocrx_word' id='word_1_98' title='bbox 1011 2488 1134 2541; x_wconf 81' lang='lat' dir='ltr'><strong>dicere.</strong></span> 
     </span>
    </p>
   </div>
   <div class='ocr_carea' id='block_1_5' title="bbox 304 2590 1340 3927">
    <p class='ocr_par' dir='ltr' id='par_1_19' title="bbox 304 2590 1340 3927">
     <span class='ocr_line' id='line_1_21' title="bbox 351 2590 967 2673; baseline -0.002 -19"><span class='ocrx_word' id='word_1_99' title='bbox 351 2593 482 2673; x_wconf 73' lang='lat' dir='ltr'><strong>Aesepus</strong></span> <span class='ocrx_word' id='word_1_100' title='bbox 502 2594 579 2673; x_wconf 83' lang='lat' dir='ltr'><strong>turpi</strong></span> <span class='ocrx_word' id='word_1_101' title='bbox 601 2598 669 2654; x_wconf 80' lang='lat' dir='ltr'><strong>edm</strong></span> <span class='ocrx_word' id='word_1_102' title='bbox 691 2593 811 2655; x_wconf 85' lang='lat' dir='ltr'><strong>serviret</strong></span> <span class='ocrx_word' id='word_1_103' title='bbox 831 2590 967 2667; x_wconf 82' lang='lat' dir='ltr'><strong>feminae,</strong></span> 
     </span>
     <span class='ocr_line' id='line_1_22' title="bbox 309 2675 1036 2758; baseline 0 -20"><span class='ocrx_word' id='word_1_104' title='bbox 309 2697 383 2758; x_wconf 89' lang='lat' dir='ltr'><strong>qnae</strong></span> <span class='ocrx_word' id='word_1_105' title='bbox 404 2697 436 2739; x_wconf 92' lang='lat' dir='ltr'><strong>se</strong></span> <span class='ocrx_word' id='word_1_106' title='bbox 458 2677 643 2756; x_wconf 75' lang='lat' dir='ltr'><strong>expingendo</strong></span> <span class='ocrx_word' id='word_1_107' title='bbox 664 2681 758 2739; x_wconf 84' lang='lat' dir='ltr'><strong>tetum</strong></span> <span class='ocrx_word' id='word_1_108' title='bbox 780 2676 929 2739; x_wconf 76' lang='lat' dir='ltr'><strong>intricaret</strong></span> <span class='ocrx_word' id='word_1_109' title='bbox 950 2675 1036 2753; x_wconf 86' lang='lat' dir='ltr'><strong>diem,</strong></span> 
     </span>
     <span class='ocr_line' id='line_1_23' title="bbox 307 2761 1049 2839; baseline -0.003 -17"><span class='ocrx_word' id='word_1_110' title='bbox 307 2771 427 2837; x_wconf 85' lang='lat' dir='ltr'><strong>vestem,</strong></span> <span class='ocrx_word' id='word_1_111' title='bbox 449 2761 584 2835; x_wconf 79' lang='lat' dir='ltr'><strong>tiniones,</strong></span> <span class='ocrx_word' id='word_1_112' title='bbox 607 2765 722 2836; x_wconf 71' lang='lat' dir='ltr'><strong>anirum,</strong></span> <span class='ocrx_word' id='word_1_113' title='bbox 736 2768 890 2839; x_wconf 86' lang='lat' dir='ltr'><strong>argentum</strong></span> <span class='ocrx_word' id='word_1_114' title='bbox 912 2764 1049 2837; x_wconf 77' lang='lat' dir='ltr'><strong>semmel,</strong></span> 
     </span>
     <span class='ocr_line' id='line_1_24' title="bbox 308 2843 940 2922; baseline -0.009 -14"><span class='ocrx_word' id='word_1_115' title='bbox 308 2864 366 2908; x_wconf 89' lang='lat' dir='ltr'><strong>nec</strong></span> <span class='ocrx_word' id='word_1_116' title='bbox 387 2845 529 2906; x_wconf 81' lang='lat' dir='ltr'><strong>inveniret</strong></span> <span class='ocrx_word' id='word_1_117' title='bbox 552 2843 642 2922; x_wconf 81' lang='lat' dir='ltr'><strong>digito</strong></span> <span class='ocrx_word' id='word_1_118' title='bbox 665 2845 714 2922; x_wconf 88' lang='lat' dir='ltr'><strong>qui</strong></span> <span class='ocrx_word' id='word_1_119' title='bbox 736 2861 768 2904; x_wconf 91' lang='lat' dir='ltr'><strong>se</strong></span> <span class='ocrx_word' id='word_1_120' title='bbox 789 2847 940 2921; x_wconf 75' lang='lat' dir='ltr'><strong>tergeret:</strong></span> 
     </span>
     <span class='ocr_line' id='line_1_25' title="bbox 309 2925 1047 3006; baseline -0.003 -16"><span class='ocrx_word' id='word_1_121' title='bbox 309 2929 436 2990; x_wconf 76' lang='lat' dir='ltr'><strong>“licetne</strong></span> <span class='ocrx_word' id='word_1_122' title='bbox 451 2927 594 3006; x_wconf 80' lang='lat' dir='ltr'><strong>·paucist”</strong></span> <span class='ocrx_word' id='word_1_123' title='bbox 617 2927 721 3006; x_wconf 86' lang='lat' dir='ltr'><strong>inquit,</strong></span> <span class='ocrx_word' id='word_1_124' title='bbox 751 2925 885 2987; x_wconf 86' lang='lat' dir='ltr'><strong>“dieas’&#39;:</strong></span> <span class='ocrx_word' id='word_1_125' title='bbox 910 2929 1047 3004; x_wconf 67' lang='lat' dir='ltr'><strong>“oensem</strong></span> 
     </span>
     <span class='ocr_line' id='line_1_26' title="bbox 308 3009 959 3094; baseline -0.006 -20"><span class='ocrx_word' id='word_1_126' title='bbox 308 3013 421 3094; x_wconf 89' lang='lat' dir='ltr'><strong>quidvis</strong></span> <span class='ocrx_word' id='word_1_127' title='bbox 443 3011 560 3087; x_wconf 88' lang='lat' dir='ltr'><strong>efficies,</strong></span> <span class='ocrx_word' id='word_1_128' title='bbox 583 3010 694 3072; x_wconf 84' lang='lat' dir='ltr'><strong>editum</strong></span> <span class='ocrx_word' id='word_1_129' title='bbox 716 3011 741 3071; x_wconf 88' lang='lat' dir='ltr'><strong>si</strong></span> <span class='ocrx_word' id='word_1_130' title='bbox 763 3009 959 3089; x_wconf 87' lang='lat' dir='ltr'><strong>depesueris.”</strong></span> 
     </span>
     <span class='ocr_line' id='line_1_27' title="bbox 309 3091 1014 3173; baseline -0.006 -15"><span class='ocrx_word' id='word_1_131' title='bbox 309 3097 444 3158; x_wconf 81' lang='lat' dir='ltr'><strong>“adeene</strong></span> <span class='ocrx_word' id='word_1_132' title='bbox 465 3095 566 3156; x_wconf 87' lang='lat' dir='ltr'><strong>videor</strong></span> <span class='ocrx_word' id='word_1_133' title='bbox 585 3094 638 3156; x_wconf 86' lang='lat' dir='ltr'><strong>tibi</strong></span> <span class='ocrx_word' id='word_1_134' title='bbox 659 3113 714 3173; x_wconf 93' lang='lat' dir='ltr'><strong>per</strong></span> <span class='ocrx_word' id='word_1_135' title='bbox 735 3112 783 3154; x_wconf 89' lang='lat' dir='ltr'><strong>me</strong></span> <span class='ocrx_word' id='word_1_136' title='bbox 803 3091 1014 3154; x_wconf 74' lang='lat' dir='ltr'><strong>melitiscuia‘l&#39;</strong></span> 
     </span>
     <span class='ocr_line' id='line_1_28' title="bbox 310 3177 1012 3260; baseline -0.004 -18"><span class='ocrx_word' id='word_1_137' title='bbox 310 3182 429 3256; x_wconf 67' lang='lat' dir='ltr'><strong>“imme</strong></span> <span class='ocrx_word' id='word_1_138' title='bbox 452 3180 484 3241; x_wconf 92' lang='lat' dir='ltr'><strong>ni</strong></span> <span class='ocrx_word' id='word_1_139' title='bbox 506 3179 629 3254; x_wconf 84' lang='lat' dir='ltr'><strong>dederis,</strong></span> <span class='ocrx_word' id='word_1_140' title='bbox 652 3178 766 3258; x_wconf 84' lang='lat' dir='ltr'><strong>spende</strong></span> <span class='ocrx_word' id='word_1_141' title='bbox 789 3177 914 3260; x_wconf 67' lang='lat' dir='ltr'><strong>cessabit</strong></span> <span class='ocrx_word' id='word_1_142' title='bbox 935 3177 1012 3239; x_wconf 89' lang='lat' dir='ltr'><strong>tua.’&#39;</strong></span> 
     </span>
     <span class='ocr_line' id='line_1_29' title="bbox 308 3261 1041 3341; baseline -0.005 -15"><span class='ocrx_word' id='word_1_143' title='bbox 308 3267 359 3326; x_wconf 83' lang='lat' dir='ltr'><strong>“et</strong></span> <span class='ocrx_word' id='word_1_144' title='bbox 380 3270 442 3324; x_wconf 87' lang='lat' dir='ltr'><strong>nen</strong></span> <span class='ocrx_word' id='word_1_145' title='bbox 464 3263 620 3325; x_wconf 87' lang='lat' dir='ltr'><strong>cessabunt</strong></span> <span class='ocrx_word' id='word_1_146' title='bbox 640 3262 748 3324; x_wconf 82' lang='lat' dir='ltr'><strong>letera”</strong></span> <span class='ocrx_word' id='word_1_147' title='bbox 770 3262 924 3341; x_wconf 86' lang='lat' dir='ltr'><strong>respondit</strong></span> <span class='ocrx_word' id='word_1_148' title='bbox 946 3261 1041 3339; x_wconf 87' lang='lat' dir='ltr'><strong>“tua’&#39;‚</strong></span> 
     </span>
     <span class='ocr_line' id='line_1_30' title="bbox 308 3346 923 3424; baseline -0.008 -15"><span class='ocrx_word' id='word_1_149' title='bbox 308 3357 339 3409; x_wconf 89' lang='lat' dir='ltr'><strong>et</strong></span> <span class='ocrx_word' id='word_1_150' title='bbox 359 3347 504 3424; x_wconf 84' lang='lat' dir='ltr'><strong>obiurgari</strong></span> <span class='ocrx_word' id='word_1_151' title='bbox 525 3347 608 3408; x_wconf 86' lang='lat' dir='ltr'><strong>iussit</strong></span> <span class='ocrx_word' id='word_1_152' title='bbox 629 3364 742 3407; x_wconf 86' lang='lat' dir='ltr'><strong>servum</strong></span> <span class='ocrx_word' id='word_1_153' title='bbox 765 3346 923 3423; x_wconf 79' lang='lat' dir='ltr'><strong>gerrulum.</strong></span> 
     </span>
     <span class='ocr_line' id='line_1_31' title="bbox 305 3428 1027 3510; baseline -0.01 -17"><span class='ocrx_word' id='word_1_154' title='bbox 305 3440 373 3510; x_wconf 89' lang='lat' dir='ltr'><strong>post</strong></span> <span class='ocrx_word' id='word_1_155' title='bbox 394 3429 492 3509; x_wconf 85' lang='lat' dir='ltr'><strong>partllo</strong></span> <span class='ocrx_word' id='word_1_156' title='bbox 514 3429 656 3490; x_wconf 83' lang='lat' dir='ltr'><strong>armillam</strong></span> <span class='ocrx_word' id='word_1_157' title='bbox 677 3428 752 3491; x_wconf 86' lang='lat' dir='ltr'><strong>tollit</strong></span> <span class='ocrx_word' id='word_1_158' title='bbox 772 3431 827 3508; x_wconf 80' lang='lat' dir='ltr'><strong>fur</strong></span> <span class='ocrx_word' id='word_1_159' title='bbox 847 3432 1027 3506; x_wconf 82' lang='lat' dir='ltr'><strong>argenteam.</strong></span> 
     </span>
     <span class='ocr_line' id='line_1_32' title="bbox 307 3510 1011 3592; baseline -0.009 -15"><span class='ocrx_word' id='word_1_160' title='bbox 307 3520 374 3577; x_wconf 79' lang='lat' dir='ltr'><strong>cem</strong></span> <span class='ocrx_word' id='word_1_161' title='bbox 387 3533 448 3576; x_wconf 92' lang='lat' dir='ltr'><strong>non</strong></span> <span class='ocrx_word' id='word_1_162' title='bbox 470 3517 610 3592; x_wconf 86' lang='lat' dir='ltr'><strong>apparere</strong></span> <span class='ocrx_word' id='word_1_163' title='bbox 632 3517 665 3573; x_wconf 84' lang='lat' dir='ltr'><strong>dt</strong></span> <span class='ocrx_word' id='word_1_164' title='bbox 684 3512 793 3574; x_wconf 90' lang='lat' dir='ltr'><strong>dictum</strong></span> <span class='ocrx_word' id='word_1_165' title='bbox 816 3521 862 3573; x_wconf 87' lang='lat' dir='ltr'><strong>est</strong></span> <span class='ocrx_word' id='word_1_166' title='bbox 882 3510 1011 3587; x_wconf 80' lang='lat' dir='ltr'><strong>meliori,</strong></span> 
     </span>
     <span class='ocr_line' id='line_1_33' title="bbox 304 3595 929 3675; baseline -0.01 -14"><span class='ocrx_word' id='word_1_167' title='bbox 304 3600 403 3661; x_wconf 82' lang='lat' dir='ltr'><strong>furore</strong></span> <span class='ocrx_word' id='word_1_168' title='bbox 424 3596 511 3675; x_wconf 91' lang='lat' dir='ltr'><strong>plena</strong></span> <span class='ocrx_word' id='word_1_169' title='bbox 532 3601 616 3658; x_wconf 84' lang='lat' dir='ltr'><strong>vecat</strong></span> <span class='ocrx_word' id='word_1_170' title='bbox 637 3613 739 3657; x_wconf 91' lang='lat' dir='ltr'><strong>omnes</strong></span> <span class='ocrx_word' id='word_1_171' title='bbox 760 3606 790 3658; x_wconf 89' lang='lat' dir='ltr'><strong>et</strong></span> <span class='ocrx_word' id='word_1_172' title='bbox 810 3595 929 3657; x_wconf 81' lang='lat' dir='ltr'><strong>verbera</strong></span> 
     </span>
     <span class='ocr_line' id='line_1_34' title="bbox 305 3679 1340 3844; baseline -0.005 -18"><span class='ocrx_word' id='word_1_173' title='bbox 305 3679 1064 3844; x_wconf 37' lang='lat' dir='ltr'><strong>Rffiipgtngifflaffln‘‘genggnorgffirsethem³</strong></span> <span class='ocrx_word' id='word_1_174' title='bbox 1311 3770 1340 3821; x_wconf 74' lang='lat'><strong>15</strong></span> 
     </span>
     <span class='ocr_line' id='line_1_35' title="bbox 305 3844 1050 3927; baseline -0.007 -17"><span class='ocrx_word' id='word_1_175' title='bbox 305 3850 404 3927; x_wconf 79' lang='lat' dir='ltr'><strong>flagris</strong></span> <span class='ocrx_word' id='word_1_176' title='bbox 425 3867 491 3909; x_wconf 92' lang='lat' dir='ltr'><strong>sum</strong></span> <span class='ocrx_word' id='word_1_177' title='bbox 513 3866 623 3925; x_wconf 87' lang='lat' dir='ltr'><strong>caesus,</strong></span> <span class='ocrx_word' id='word_1_178' title='bbox 645 3851 744 3908; x_wconf 86' lang='lat' dir='ltr'><strong>rerum</strong></span> <span class='ocrx_word' id='word_1_179' title='bbox 766 3847 833 3926; x_wconf 89' lang='lat' dir='ltr'><strong>quia</strong></span> <span class='ocrx_word' id='word_1_180' title='bbox 855 3845 913 3908; x_wconf 85' lang='lat' dir='ltr'><strong>dixi</strong></span> <span class='ocrx_word' id='word_1_181' title='bbox 935 3844 1050 3906; x_wconf 84' lang='lat' dir='ltr'><strong>modo.”</strong></span> 
     </span>
    </p>
   </div>
   <div class='ocr_carea' id='block_1_6' title="bbox 264 4041 1338 4382">
    <p class='ocr_par' dir='ltr' id='par_1_20' title="bbox 264 4041 1338 4382">
     <span class='ocr_line' id='line_1_36' title="bbox 335 4041 1337 4108; baseline -0.003 -11"><span class='ocrx_word' id='word_1_182' title='bbox 335 4047 392 4108; x_wconf 82' lang='lat'><strong>15,2</strong></span> <span class='ocrx_word' id='word_1_183' title='bbox 410 4044 538 4096; x_wconf 84' lang='lat' dir='ltr'><strong>intricaret</strong></span> <span class='ocrx_word' id='word_1_184' title='bbox 557 4043 687 4098; x_wconf 77' lang='lat' dir='ltr'><strong>Orelliue:</strong></span> <span class='ocrx_word' id='word_1_185' title='bbox 704 4043 836 4096; x_wconf 84' lang='lat' dir='ltr'><strong>intricehat</strong></span> <span class='ocrx_word' id='word_1_186' title='bbox 904 4046 920 4098; x_wconf 82' lang='lat'><strong>3</strong></span> <span class='ocrx_word' id='word_1_187' title='bbox 938 4046 1035 4094; x_wconf 80' lang='lat' dir='ltr'><strong>vestem</strong></span> <span class='ocrx_word' id='word_1_188' title='bbox 1046 4041 1230 4094; x_wconf 64' lang='lat' dir='ltr'><strong>manuue:</strong></span> <span class='ocrx_word' id='word_1_189' title='bbox 1250 4046 1337 4094; x_wconf 89' lang='lat' dir='ltr'><strong>uestes</strong></span> 
     </span>
     <span class='ocr_line' id='line_1_37' title="bbox 266 4108 1336 4178; baseline -0.005 -13"><span class='ocrx_word' id='word_1_190' title='bbox 266 4116 280 4165; x_wconf 89' lang='lat' dir='ltr'><strong>&#39;l</strong></span> <span class='ocrx_word' id='word_1_191' title='bbox 298 4109 386 4164; x_wconf 87' lang='lat' dir='ltr'><strong>uideor</strong></span> <span class='ocrx_word' id='word_1_192' title='bbox 405 4111 448 4163; x_wconf 88' lang='lat' dir='ltr'><strong>tihi</strong></span> <span class='ocrx_word' id='word_1_193' title='bbox 471 4126 516 4178; x_wconf 86' lang='lat' dir='ltr'><strong>per</strong></span> <span class='ocrx_word' id='word_1_194' title='bbox 532 4126 574 4162; x_wconf 89' lang='lat' dir='ltr'><strong>me</strong></span> <span class='ocrx_word' id='word_1_195' title='bbox 590 4109 656 4162; x_wconf 83' lang='lat' dir='ltr'><strong>Luc.</strong></span> <span class='ocrx_word' id='word_1_196' title='bbox 674 4111 834 4163; x_wconf 75' lang='lat' dir='ltr'><strong>Muellerus:</strong></span> <span class='ocrx_word' id='word_1_197' title='bbox 857 4125 902 4176; x_wconf 87' lang='lat' dir='ltr'><strong>per</strong></span> <span class='ocrx_word' id='word_1_198' title='bbox 918 4125 959 4162; x_wconf 89' lang='lat' dir='ltr'><strong>me</strong></span> <span class='ocrx_word' id='word_1_199' title='bbox 976 4109 1063 4162; x_wconf 88' lang='lat' dir='ltr'><strong>uideor</strong></span> <span class='ocrx_word' id='word_1_200' title='bbox 1080 4108 1125 4160; x_wconf 89' lang='lat' dir='ltr'><strong>tibi</strong></span> <span class='ocrx_word' id='word_1_201' title='bbox 1193 4109 1208 4160; x_wconf 87' lang='lat'>8</span> <span class='ocrx_word' id='word_1_202' title='bbox 1226 4109 1252 4160; x_wconf 89' lang='lat' dir='ltr'><strong>ni</strong></span> <span class='ocrx_word' id='word_1_203' title='bbox 1268 4108 1336 4160; x_wconf 85' lang='lat' dir='ltr'><strong>Luc.</strong></span> 
     </span>
     <span class='ocr_line' id='line_1_38' title="bbox 264 4177 1338 4232; baseline -0.005 -1"><span class='ocrx_word' id='word_1_204' title='bbox 264 4178 426 4232; x_wconf 74' lang='lat' dir='ltr'><strong>Muellerus:</strong></span> <span class='ocrx_word' id='word_1_205' title='bbox 444 4178 492 4231; x_wconf 84' lang='lat' dir='ltr'><strong>nisi</strong></span> <span class='ocrx_word' id='word_1_206' title='bbox 590 4181 606 4230; x_wconf 86' lang='grc'><strong>8</strong></span> <span class='ocrx_word' id='word_1_207' title='bbox 623 4179 735 4230; x_wconf 83' lang='lat' dir='ltr'><strong>cessabit</strong></span> <span class='ocrx_word' id='word_1_208' title='bbox 750 4178 939 4230; x_wconf 72' lang='lat' dir='ltr'><strong>Eumenous:</strong></span> <span class='ocrx_word' id='word_1_209' title='bbox 956 4177 1065 4230; x_wconf 84' lang='lat' dir='ltr'><strong>cessauit</strong></span> <span class='ocrx_word' id='word_1_210' title='bbox 1167 4178 1196 4227; x_wconf 91' lang='lat'><strong>11</strong></span> <span class='ocrx_word' id='word_1_211' title='bbox 1216 4177 1338 4226; x_wconf 74' lang='lat' dir='ltr'><strong>restituit</strong></span> 
     </span>
     <span class='ocr_line' id='line_1_39' title="bbox 268 4242 1334 4364; baseline -0.006 -65"><span class='ocrx_word' id='word_1_212' title='bbox 268 4247 401 4300; x_wconf 79' lang='lat' dir='ltr'><strong>Orelliue:</strong></span> <span class='ocrx_word' id='word_1_213' title='bbox 417 4245 503 4312; x_wconf 84' lang='lat' dir='ltr'><strong>paullo</strong></span> <span class='ocrx_word' id='word_1_214' title='bbox 513 4248 580 4364; x_wconf 56' lang='lat' dir='ltr'><strong>gost</strong></span> <span class='ocrx_word' id='word_1_215' title='bbox 596 4244 718 4298; x_wconf 78' lang='lat' dir='ltr'><strong>armillam</strong></span> <span class='ocrx_word' id='word_1_216' title='bbox 736 4245 802 4298; x_wconf 85' lang='lat' dir='ltr'><strong>toltit</strong></span> <span class='ocrx_word' id='word_1_217' title='bbox 818 4248 962 4312; x_wconf 78' lang='lat' dir='ltr'><strong>argenteam</strong></span> <span class='ocrx_word' id='word_1_218' title='bbox 1066 4246 1097 4295; x_wconf 80' lang='lat'><strong>12</strong></span> <span class='ocrx_word' id='word_1_219' title='bbox 1116 4257 1170 4296; x_wconf 87' lang='lat' dir='ltr'><strong>cem</strong></span> <span class='ocrx_word' id='word_1_220' title='bbox 1187 4242 1334 4294; x_wconf 74' lang='lat' dir='ltr'><strong>Iauelliuee</strong></span> 
     </span>
     <span class='ocr_line' id='line_1_40' title="bbox 266 4311 1119 4382; baseline -0.004 -17"><span class='ocrx_word' id='word_1_221' title='bbox 266 4329 340 4382; x_wconf 69' lang='lat' dir='ltr'><strong>quiam</strong></span> <span class='ocrx_word' id='word_1_222' title='bbox 419 4316 450 4366; x_wconf 82' lang='lat'><strong>13</strong></span> <span class='ocrx_word' id='word_1_223' title='bbox 468 4317 493 4365; x_wconf 91' lang='lat' dir='ltr'><strong>et</strong></span> <span class='ocrx_word' id='word_1_224' title='bbox 532 4316 656 4367; x_wconf 77' lang='lat' dir='ltr'><strong>essa‘ttue:</strong></span> <span class='ocrx_word' id='word_1_225' title='bbox 673 4313 704 4366; x_wconf 91' lang='lat' dir='ltr'><strong>ad</strong></span> <span class='ocrx_word' id='word_1_226' title='bbox 774 4315 805 4366; x_wconf 76' lang='lat'><strong>15</strong></span> <span class='ocrx_word' id='word_1_227' title='bbox 823 4312 884 4366; x_wconf 85' lang='lat' dir='ltr'><strong>hera</strong></span> <span class='ocrx_word' id='word_1_228' title='bbox 904 4311 1034 4364; x_wconf 80' lang='lat' dir='ltr'><strong>Orelliue:</strong></span> <span class='ocrx_word' id='word_1_229' title='bbox 1052 4313 1119 4364; x_wconf 87' lang='lat' dir='ltr'><strong>certe</strong></span> 
     </span>
    </p>
   </div>
   <div class='ocr_carea' id='block_1_7' title="bbox 0 0 1710 5175">
    <p class='ocr_par' dir='ltr' id='par_1_21' title="bbox 0 0 1710 5175">
     <span class='ocr_line' id='line_1_41' title="bbox 0 0 1710 5175; baseline 0 1"><span class='ocrx_word' id='word_1_230' title='bbox 0 0 1710 5175; x_wconf 95' lang='lat' dir='ltr'><strong> </strong></span> 
     </span>
    </p>
   </div>
  </div>
 </body>
</html>
