3409 5175
384 648 425 710 22
741 639 883 694 11111111
901 638 1098 716 rinocurura

426 832 528 893 aprum
550 812 732 890 insidiosum,
755 812 896 893 quercum
918 813 978 874 vult
999 818 1136 889 evertere,

385 911 415 961 te
428 909 460 961 ut
481 904 611 960 nestram
632 898 662 958 in
685 899 774 977 plano
796 898 880 959 111111
903 900 1074 977 progeniem
1096 899 1269 979 epprimat.'’

427 988 538 1044 terrere
560 985 653 1044 offuso
676 992 706 1044 et
728 983 904 1062 perturbatis
925 983 1060 1045 sensibus

426 1069 538 1146 derepit
559 1069 595 1128 ad
618 1068 714 1129 cubile
736 1071 847 1128 setosae
863 1066 936 1127 suis:

428 1154 587 1231 “magno”
611 1153 705 1233 iuquit
728 1151 783 1212 “in
808 1151 918 1230 periclo
941 1161 1009 1212 sunt
1031 1155 1092 1213 nati
1115 1152 1174 1215 tui:

426 1257 495 1300 nam
517 1238 604 1299 simul
628 1237 731 1298 exieris
753 1242 868 1314 pestem
891 1255 957 1297 cum
980 1241 1082 1297 tencre
1105 1255 1203 1315 grege,

385 1334 413 1383 15
429 1322 522 1401 aquile
545 1331 588 1383 est
610 1331 708 1400 parata
730 1327 833 1400 repere
856 1321 1000 1399 porcelles
1022 1322 1099 1381 tibi.’'

424 1408 505 1468 bunc
528 1411 642 1486 queque
665 1407 768 1467 timore
790 1412 944 1486 postquam
969 1407 1122 1485 complevit
1146 1408 1253 1485 locum,

427 1490 527 1552 dolesa
549 1500 612 1553 tuto
635 1492 765 1552 cendidit
787 1495 851 1552 sese
869 1509 946 1552 cavo.
1062 1538 1067 1552 .

428 1576 497 1637 inde
520 1580 637 1655 evagata
659 1582 749 1638 neoto
772 1580 916 1656 suspense
937 1576 1013 1655 pede

426 1661 475 1722 nbi
496 1666 563 1723 esca
585 1681 616 1723 se
639 1662 759 1739 replevit
780 1671 810 1722 11
830 1662 944 1741 prolem
966 1678 1058 1736 suam,

382 1758 414 1807 20
428 1752 563 1825 paverem
586 1746 726 1806 simulans
748 1747 887 1823 prespicit
910 1749 970 1805 tote
994 1746 1049 1805 dic.

424 1832 542 1891 ruinam
563 1839 697 1891 metuens
719 1830 814 1909 equila
836 1830 926 1890 ramis
949 1830 1075 1905 desidet,

426 1918 495 1993 aper
517 1915 649 1992 rapinam
673 1916 768 1975 vitans
789 1933 849 1975 non
874 1914 972 1992 prodit
993 1916 1079 1975 iores,

425 1999 494 2079 quid
517 1999 628 2061 multa?
649 2000 744 2060 inedia
767 1999 836 2061 siant
858 2000 1022 2077 consumpti
1046 2003 1112 2059 crim
1135 1998 1195 2060 suis

425 2085 533 2162 lelique
555 2095 581 2145 et
603 2084 705 2145 catulis
727 2085 838 2161 tergam
861 2084 1060 2161 praebuerunt
1081 2085 1196 2163 dapem.

382 2179 412 2229 15
471 2170 618 2241 Quantum
640 2171 727 2230 bemo
751 2168 887 2246 bilinguis
909 2173 995 2247 saepe
1019 2168 1176 2230 concinnet
1197 2170 1265 2232 mali

407 2254 633 2317 ,documentum
656 2254 763 2315 habere
785 2255 873 2314 stulta
895 2253 1051 2315 credulites
1072 2263 1177 2333 potest.

713 2470 841 2522 FABULA
861 2471 891 2522 Vl
908 2472 1008 2521 Drosoi.
1027 2469 1058 2533 (V
1078 2470 1131 2533 Or.)

574 2574 683 2636 ITEM
719 2573 892 2636 CAESAR
920 2573 974 2636 ln
1004 2573 1268 2638 ATRIENSEM

467 2711 519 2771 Est
541 2707 722 2770 erdeliouum
745 2709 887 2787 quaedam
909 2710 1019 2770 Romae
1034 2710 1132 2788 ¹nebo,

425 2794 539 2872 trepide
560 2811 749 2866 consumans,
773 2799 913 2872 eccupata
935 2794 965 2856 in
989 2794 1056 2871 etio,

426 2884 514 2959 gratis
536 2878 694 2968 11111111Ἰ
710 2877 801 2940 melta
823 2879 938 2956 agendo
961 2880 1002 2941 nil
1025 2897 1125 2958 agens,

424 2965 480 3027 sibl
502 2962 624 3025 molesta
647 2972 675 3024 11
697 2962 760 3026 eliis
780 2964 972 3026 odiosissima.

395 3050 502 3112 abano
517 3049 684 3124 emendare,
707 3051 732 3109 sl
747 3058 844 3111 tamen
861 3050 991 3129 possiam,
1013 3049 1077 3110 volo

425 3139 492 3195 vere
514 3133 634 3195 labella:
657 3132 783 3209 pretium
806 3143 850 3193 est
872 3153 978 3212 operae
1001 3134 1169 3196 edtendere.

470 3218 576 3280 Caesen
597 3216 728 3277 'liberius
750 3221 816 3277 crim
838 3229 944 3295 petens
965 3217 1116 3295 Neepolim

424 3302 455 3363 in
476 3303 674 3364 Misenensem
697 3300 794 3362 villam
815 3303 941 3364 venisset
963 3321 1054 3377 suam,

424 3407 498 3468 quae
521 3391 620 3447 mente
644 3404 758 3448 summo
780 3387 873 3466 pesita
896 3387 1009 3450 Luculli
1032 3405 1121 3448 manu
1162 3407 1164 3412 ·
1280 3427 1284 3436 ·

382 3483 411 3532 10
424 3477 592 3551 prospectat
613 3471 743 3533 Siculum
765 3482 795 3533 11
815 3472 932 3550 respicit
952 3474 1079 3534 'luserim
1098 3467 1197 3536 mare:
1236 3531 1244 3550 ,

426 3577 461 3619 ex
483 3556 639 3618 elticinctis
661 3563 739 3618 dnus
759 3556 940 3634 atriensibus,

424 3642 469 3702 oui
493 3643 591 3702 tunica
613 3641 649 3702 ab
672 3642 780 3704 umeris
800 3642 893 3704 linteo
915 3641 1030 3704 Pelusio

424 3730 487 3788 eret
509 3726 654 3802 destricta,
679 3727 761 3787 cirris
784 3727 1026 3806 dependentibus,

423 3809 646 3890 perembulante
667 3809 742 3871 laeta
765 3811 883 3873 domiuo
906 3810 1014 3884 viridia,

383 3907 411 3956 15
427 3895 536 3958 alveolo
560 3895 655 3973 coepit
675 3895 773 3974 ligneo
797 3900 992 3976 conspergere

385 4030 587 4040 ———-.----

450 4095 479 4144 ii
501 4093 584 4146 offuso
600 4093 808 4146 liittmlrueieu:
826 4095 909 4148 effuso
980 4099 1010 4149 12
1030 4093 1125 4161 derepit
1144 4094 1268 4148 Colono:
1285 4094 1368 4164 diripit
1428 4101 1459 4152 13

381 4158 475 4226 periclo
491 4163 632 4213 Pithoeus:
650 4163 762 4230 periculo
856 4167 887 4217 19
906 4180 934 4216 se
946 4163 1086 4216 Pithoeus:
1111 4177 1168 4216 sese
1260 4166 1294 4217 24
1318 4165 1410 4232 ielique
1435 4169 1459 4218 ei

382 4228 499 4283 Hacine:
517 4228 626 4296 lelisque
712 4233 752 4294 6,2
770 4229 797 4282 in
819 4232 871 4283 olio
889 4233 1029 4284 Pithoeus.-
1046 4231 1115 4284 notio
1202 4230 1271 4284 3nil
1287 4231 1460 4298 Langena‘ur:
1550 4259 1551 4284 1

379 4295 443 4346 uun
528 4296 821 4351 1111111111111111
844 4300 1066 4352 1111111111
1154 4303 1185 4352 ro
1199 4298 1303 4365 respicit
1318 4303 1458 4354 numus:
1550 4289 1551 4316 ¹

380 4362 502 4429 prospicit
519 4365 561 4415 vel
577 4366 695 4431 perspicit
774 4370 806 4420 14
824 4368 909 4421 viridia
926 4368 1109 4435 Bongursiru:
1126 4367 1251 4420 uiridiario
