3409 5175
755 603 851 655 LIBER
869 604 879 656 1

654 856 780 908 FABULA
797 855 854 907 xxt
872 855 978 919 (xvim)

586 958 722 1021 CANIS
748 958 1038 1021 Panvunlnns

366 1076 483 1138 Habent
503 1075 622 1138 insidias
642 1077 768 1137 hdminis
788 1076 944 1137 blanditiae
965 1076 1048 1139 mali:

322 1180 394 1240 quas
414 1164 448 1222 rit
469 1160 598 1235 vitemus,
620 1165 720 1223 versus
741 1161 864 1223 subiecti
885 1170 1016 1222 monent.
1106 1232 1110 1237 ¹

366 1245 454 1306 Canis
474 1246 639 1323 parturiens
661 1250 728 1306 edm
749 1255 879 1324 rogasset
902 1245 1031 1322 alteram,

322 1339 356 1390 ut
376 1330 468 1391 tetum
489 1329 520 1390 in
543 1330 605 1391 eius
626 1330 741 1408 tdgurio
763 1331 934 1408 deponeret,

322 1413 406 1475 facile
427 1415 597 1493 inpetravit:
621 1414 689 1475 dein
711 1418 878 1493 reposcenti
899 1414 997 1474 iocum

322 1503 426 1577 preces
447 1498 581 1574 admovit,
605 1502 720 1577 tempus
742 1500 867 1559 exorans
888 1498 983 1573 breve,

323 1583 393 1643 dum
415 1583 559 1643 firmiores
580 1581 692 1643 catulos
713 1592 812 1660 posset
833 1582 949 1641 ducere.

323 1668 380 1727 hoc
402 1667 518 1746 quoque
540 1675 714 1745 consumpto
736 1665 866 1744 flagitare
889 1664 1010 1726 validius

323 1750 418 1830 cubile
433 1751 542 1828 coepit:
566 1753 619 1810 “st
640 1750 709 1811 mihi
732 1760 762 1812 et
783 1749 884 1813 turbae
903 1767 986 1810 meae

322 1836 397 1914 par’'
419 1837 514 1916 inquit
536 1839 628 1895 “esse
649 1835 788 1914 potueris,
812 1834 915 1896 cedam
937 1832 1031 1894 loco.''

667 2015 793 2067 vanum
812 2016 879 2067 mm
898 2014 960 2081 (xx)

598 2121 763 2183 dauns
791 2118 1011 2180 FAMELICI

365 2236 492 2298 Stultum
515 2237 665 2300 consilium
687 2242 748 2297 ndo
771 2236 859 2296 modo
882 2236 988 2298 effectu
1010 2244 1098 2313 caret,

322 2320 374 2383 sed
396 2322 432 2381 ad
453 2322 614 2400 perniciem
636 2328 750 2401 quoque
773 2321 910 2381 mortales
932 2320 1059 2382 devocat.

366 2406 481 2467 Corium
504 2408 675 2485 depressum
696 2406 726 2466 in
748 2404 834 2465 fluvio
859 2405 991 2465 viderunt
1013 2403 1109 2466 canes.

322 2489 351 2549 id
373 2494 407 2549 ut
428 2508 558 2551 comesse
581 2496 742 2552 extractum
762 2499 884 2567 possent
904 2489 1025 2566 facilius,

323 2576 427 2654 aqudm
449 2584 610 2654 coeperunt
630 2574 745 2638 hibere:
768 2573 820 2635 sed
841 2578 919 2652 ru‘ptt
942 2573 1022 2655 prius

322 2657 445 2737 periere,
469 2679 555 2739 quam
578 2661 656 2740 quod
677 2659 821 2738 petierant
841 2663 1056 2736 contingerent.

654 2841 780 2927 raama
798 2841 877 2894 vnn
896 2839 970 2906 (xxi)

441 2943 516 3005 LEO
540 2943 673 3021 SENEX,
694 2945 792 3006 APER
812 2944 959 3005 TAURUS
979 2944 1028 3004 ΕΤ
1049 2943 1180 3006 ASINUS

366 3062 539 3141 Quicunque
561 3062 656 3123 amisit
681 3061 850 3137 dignitatem
872 3060 1036 3138 pristinam,

320 3145 431 3222 ignavis
452 3146 539 3207 etiam
560 3146 643 3207 idcus
665 3156 709 3207 est
729 3147 759 3206 in
782 3146 851 3206 casd
875 3146 960 3222 gravi.

363 3229 501 3290 Defectus
522 3231 607 3291 annis
628 3234 657 3292 et
679 3231 811 3292 desertus
832 3230 942 3290 viribus

320 3312 366 3373 leo
388 3318 455 3374 oum
476 3314 584 3375 iaceret
605 3316 736 3394 spiritum
759 3319 921 3375 extremum
944 3315 1071 3391 trahens,

321 3402 392 3476 aper
412 3397 558 3459 fulmineis
580 3399 616 3460 dd
639 3418 705 3461 oum
726 3399 805 3459 venit
827 3397 981 3459 dentibus·

318 3491 351 3543 ‘et
373 3482 525 3544 vindicavit
545 3487 604 3543 ictu
626 3491 752 3543 veterem
774 3482 919 3542 iniuriam.

321 3566 433 3627 infestis
454 3577 554 3628 taurus
568 3573 643 3627 'mox
666 3564 794 3626 confodit
816 3567 953 3627 cornibus

321 3651 426 3712 hostile
448 3669 563 3728 corpus.
608 3651 716 3725 asinus,
739 3660 771 3711 ut
792 3649 863 3711 vidit
883 3651 977 3710 sevum

321 3735 432 3813 inpune
453 3734 539 3810 iaedi,
561 3735 689 3796 calcibus
709 3736 836 3794 frontem
865 3733 982 3810 extudit.

322 3828 351 3879 at
371 3818 421 3878 ille
444 3819 608 3897 exspirans:
633 3821 749 3880 “idries
765 3818 884 3896 indigne
901 3818 952 3879 tuli

321 3902 391 3963 mihi
412 3903 568 3964 insultare:
593 3907 630 3980 te,
652 3914 772 3966 naturae
794 3904 931 3979 dedecuS,

321 3988 399 4065 quod
421 3989 497 4047 ferre
519 3988 630 4048 enervis
652 3988 751 4066 edgar,
773 3988 817 4049 his
837 3988 936 4048 videor
957 3986 1057 4048 mori.”

279 4123 483 4131 ——.-—.-—.

345 4191 406 4252 nte
423 4187 533 4239 admovit
549 4187 686 4238 Pithoeus:
705 4186 834 4239 admonuit
891 4191 949 4252 225
968 4187 1104 4252 coepemnt
1120 4181 1272 4236 Bentlat'ua:
1291 4200 1349 4236 coe·

278 4268 338 4320 pere
443 4259 503 4320 232
521 4255 594 4307 etiam
612 4256 683 4306 iocus
701 4259 741 4307 est
756 4256 896 4306 Pithoeus:
922 4258 961 4306 ost
978 4254 1052 4306 etiam
1069 4253 1140 4305 iocus
1158 4252 1201 4304 ool
1217 4255 1256 4304 est
1273 4252 1349 4304 etiam

279 4326 349 4376 iocus
367 4328 407 4376 est
477 4327 508 4376 12
526 4323 625 4376 enervis
642 4326 755 4390 sampsi:
773 4326 839 4374 certe
