3409 5175
724 586 819 640 trusit
836 587 859 638 V

700 789 829 842 ussum
846 790 889 841 1111

564 892 683 955 Aslttt
714 894 768 955 ΕΤ
794 892 1026 957 Poscenti

343 1028 468 1102 Quidam
491 1027 672 1090 immolasset
691 1032 803 1090 verrem
825 1047 893 1090 cum
916 1038 1017 1093 sancto
1039 1032 1166 1108 Herculi,

302 1115 350 1175 eui
370 1113 425 1193 pro
448 1113 540 1175 salute
561 1118 660 1175 votum
683 1113 808 1175 debehat
829 1132 890 1190 sua,

299 1198 389 1259 asello
410 1198 493 1261 iussit
513 1197 649 1278 reliquias
669 1199 740 1277 poni
762 1198 871 1259 hordei.

300 1301 373 1363 quas
395 1288 568 1362 aspernatus
590 1282 640 1343 ille
662 1283 703 1344 sic
724 1283 841 1344 locutus
865 1293 924 1345 est:

300 1368 452 1429 “libenter
472 1368 559 1429 istum
581 1372 700 1445 prorsus
722 1372 890 1447 appeterem
913 1368 1018 1447 eibum,

300 1453 365 1527 nisi,
388 1457 438 1531 qul
461 1452 587 1513 nutritus
608 1452 658 1513 lllo
681 1461 736 1530 est,
759 1453 907 1531 iugulatus
927 1454 1029 1517 soret.’'

342 1538 435 1599 Huius
456 1543 593 1615 respectu
614 1536 734 1598 idbulae
750 1537 906 1598 deterritus

299 1621 496 1700 periculosum
518 1626 634 1699 semper
655 1621 737 1682 vitavi
759 1622 883 1682 lucrum.

300 1706 352 1767 sed
373 1706 462 1767 dicis:
487 1706 562 1785 “qui
584 1705 705 1779 latuere,
729 1705 840 1767 divitias
862 1705 998 1769 habent.”

299 1796 489 1852 numeremus
512 1791 647 1868 agedum,
670 1794 720 1869 qut
742 1789 880 1869 deprensi
902 1790 1067 1869 perierunt:

299 1876 441 1937 maiorem
463 1874 579 1936 turham
600 1874 771 1953 punitorum
793 1874 936 1953 reperies:

299 1966 402 2039 paucis
422 1960 572 2021 temeritas
595 1964 638 2021 est
659 1960 749 2037 hono,
770 1960 872 2021 multis
888 1959 975 2021 malo.

715 2156 882 2211 FABULAV

541 2262 717 2327 SCURRA
744 2261 804 2323 ΕΤ
829 2264 1051 2327 RUSTlCUS

339 2397 432 2459 Pravd
454 2398 551 2459 lavore
571 2397 630 2459 labi
652 2397 790 2459 mortales
811 2398 908 2460 solent

299 2493 328 2544 et
350 2482 404 2561 pro
425 2482 531 2543 iudicio
554 2483 625 2543 dum
647 2492 727 2544 stant
747 2488 855 2545 erroris
870 2484 923 2559 sui,

299 2567 336 2629 ad
359 2566 570 2645 paenitendum
591 2567 679 2629 rebus
700 2568 862 2630 manifestis
884 2568 939 2648 agn'.

279 2672 281 2677 ·
342 2653 485 2714 Facturus
505 2652 590 2714 ludos
612 2653 730 2733 quidam
753 2653 832 2715 dives
853 2655 966 2716 nobiles

298 2738 448 2816 proposito
471 2746 594 2799 cunctos
615 2737 745 2799 invitavit
765 2739 895 2817 praemio

299 2840 387 2901 quam
407 2825 531 2902 quisque
552 2833 653 2901 posset
673 2826 706 2884 rit
728 2823 886 2884 novitatem
908 2825 1075 2886 ostenderet

298 2911 404 2968 venere
426 2906 551 2968 artifices
572 2904 666 2967 laudis
689 2906 726 2967 ud
748 2907 925 2982 certamina5

299 3009 373 3071 quos
394 2994 472 3052 inter
493 3009 603 3066 scurra,
626 2991 714 3052 notus
736 2991 849 3053 urbano
872 2991 941 3069 sale,

298 3075 407 3138 habere
429 3075 500 3138 dixit
521 3079 553 3136 sd
575 3091 670 3154 genus
692 3076 860 3154 spectaculi,

299 3161 376 3240 quod
400 3165 430 3220 tn
454 3160 567 3222 theatro
589 3165 741 3240 nunquam
762 3161 908 3238 prolatum
930 3161 1013 3223 soret.

299 3244 448 3323 dispersus
468 3262 570 3306 rumor
591 3245 735 3307 civitatem
758 3245 893 3307 concitat.

298 3328 397 3408 paullo
419 3336 488 3392 ante
509 3347 599 3391 vacua
621 3329 737 3392 turham
759 3329 898 3392 deficiunt
921 3329 993 3391 loca.

297 3414 330 3475 in
353 3418 458 3475 scaena
479 3432 548 3475 vero
570 3414 725 3493 pdstquam
748 3414 827 3475 solus
849 3413 979 3476 constitit

300 3499 362 3559 sine
385 3503 534 3578 apparatu,
556 3496 645 3559 nullis
667 3497 860 3575 adiutoribus

300 3583 447 3646 silentium
468 3583 532 3660 ipsa
554 3582 622 3643 iecit
644 3582 830 3660 exspectatio.

300 3667 349 3728 ille
372 3671 403 3727 tn
426 3667 521 3733 sinum
543 3671 666 3745 repente
688 3667 805 3729 demisit
825 3674 914 3743 eaput

301 3760 332 3814 et
353 3757 395 3814 stc
416 3751 537 3831 porcelli
558 3752 659 3814 vocem
683 3759 727 3813 est
747 3750 877 3812 imitatus
899 3769 960 3825 sua,
1047 3795 1053 3806 .

300 3855 401 3907 verum
422 3842 456 3898 ut
476 3837 596 3898 subesse
617 3836 706 3916 pallio
729 3835 943 3898 contenderent

326 3988 368 4049 4,2
387 3986 427 4037 cui
443 3987 587 4042 ›Pithoeuss
605 3987 648 4052 qui
734 3984 1125 4038 specumentotenus
1206 3984 1335 4038 Slaluere

255 4054 410 4108 Bentleiue:
426 4067 532 4120 rapuere
586 4057 616 4106 10
634 4053 751 4120 deprensi
759 4053 949 4104 Bromanenses:
967 4051 1116 4119 deprehensi
1169 4053 1200 4102 12
1220 4053 1334 4108 estbono

253 4123 400 4175 Htloooue:
417 4122 486 4173 bono
504 4124 543 4172 est
595 4123 610 4173 5
627 4119 672 4171 ΕΤ
688 4121 750 4172 odd.
760 4120 898 4172 Bentleiuu
951 4123 963 4172 1
983 4134 1061 4186 pravo
1072 4119 1240 4173 Perottinue:
1255 4135 1334 4187 paruo

254 4190 393 4243 4nobiles
411 4188 578 4252 Scloaffmte:
595 4188 688 4240 nobilis
763 4189 884 4254 oposset
901 4188 1042 4239 Pithoeus:
1060 4185 1142 4254 possit
1207 4191 1238 4252 12
1256 4203 1334 4239 vacua

254 4257 429 4310 Perottinue:
446 4271 552 4308 uacuam
623 4259 654 4310 16
671 4255 772 4308 demisit
786 4255 927 4308 Pithoeus:
946 4254 1039 4308 dimisit
1106 4256 1136 4308 18
1155 4255 1336 4308 contenderent

253 4327 424 4378 Perottinos:
441 4323 604 4377 contenderet
