3409 5175
731 620 826 673 LIBER
842 621 875 673 lll

304 799 386 860 brevi
407 795 528 857 docebo.
574 794 701 855 Servitus
723 792 858 869 obuenia,

306 883 373 962 quia
396 886 471 960 quae
493 879 607 941 volebat
629 884 689 939 uhu
713 878 838 939 audebat
860 880 967 955 dicere,

302 969 440 1029 adiectus
460 965 594 1044 proprios
617 969 647 1023 in
670 964 791 1024 tabellas
813 965 959 1027 tuenstulit

304 1052 541 1131 calumniamque
563 1049 639 1111 lictis
661 1048 747 1110 elusit
768 1048 847 1110 iocis.

304 1156 362 1215 ego
384 1136 462 1196 illios
483 1154 537 1215 pro
559 1134 660 1196 semita
683 1135 739 1195 ieci
761 1132 846 1209 riam,

307 1231 338 1283 et
359 1221 481 1298 cogitavi
502 1220 586 1297 phira
608 1238 694 1298 quam
717 1218 884 1297 reliquerat,

305 1308 336 1368 in
360 1306 552 1367 catamitatem
575 1304 708 1382 deligens
729 1304 872 1382 quaedem
895 1322 999 1367 meam

305 1390 385 1471 quod
407 1391 431 1450 si
454 1394 605 1450 Accusator
627 1390 700 1450 elius
722 1390 827 1449 Seiaue
849 1390 933 1464 foret,

304 1478 331 1537 si
351 1475 434 1537 testis
454 1474 536 1551 alius,
559 1474 646 1534 iudex
669 1474 741 1534 alius
763 1473 898 1552 denique,

307 1561 429 1637 dignum
451 1561 558 1619 faterer
580 1563 644 1619 esse
666 1577 714 1618 me
736 1562 826 1619 tantis
847 1558 938 1618 malis'

307 1663 365 1705 nec
386 1644 434 1705 his
454 1643 584 1704 dolorem
607 1642 760 1703 delinirem
781 1642 926 1717 remediis

306 1729 469 1806 suspitione
490 1731 515 1788 si
537 1728 601 1808 quis
624 1726 732 1788 errabit
754 1746 806 1787 sua

303 1824 338 1875 et
359 1814 454 1892 repiet
475 1812 512 1873 ad
534 1831 575 1888 se,
599 1813 676 1892 qued
698 1812 754 1872 erit
774 1829 931 1873 commune
953 1810 1093 1888 emnium,

303 1898 396 1960 stulte
419 1897 541 1958 nudabit
562 1897 651 1959 enimi
673 1897 892 1958 conscientiam.

307 1983 376 2043 huic
400 1987 568 2043 incusatum
589 1987 637 2042 me
658 1982 743 2042 velim
766 1982 857 2042 nihile
879 1980 992 2043 minus:

308 2086 405 2147 neque
428 2071 508 2127 enim
530 2076 633 2127 notare
655 2066 788 2143 singulos
810 2084 895 2126 mens
917 2069 961 2126 est
983 2065 1061 2126 mihi.

308 2161 409 2213 verum
431 2156 524 2232 ipsam
545 2152 633 2213 vitam
655 2160 684 2212 et
706 2156 803 2211 meres
824 2151 977 2211 hominum
998 2149 1163 2213 ostendere.

306 2256 369 2297 rem
392 2240 440 2297 me
460 2238 625 2315 professum
646 2236 725 2297 dicet
747 2237 844 2297 forsan
868 2240 933 2315 quis
955 2253 1081 2312 gravem.

303 2322 332 2382 si
353 2317 450 2400 Phry'x
471 2324 602 2398 Aesopus
624 2320 726 2400 potuit,
749 2325 777 2381 ci
796 2322 971 2380 Anacharsis
993 2320 1098 2399 Scytha

304 2410 458 2467 aeternam
479 2407 586 2466 lamam
608 2405 736 2467 cendere
757 2405 876 2482 ingenie
899 2422 967 2464 suo:

309 2508 375 2569 ego,
398 2491 542 2551 litteratae
564 2495 614 2570 qui
637 2508 701 2560 sum
723 2488 842 2567 propior
866 2488 1012 2561 Graeciae,

307 2595 361 2638 cur
383 2581 486 2637 semoo
509 2576 595 2637 inerti
617 2575 749 2637 deseram
771 2575 882 2653 patriae
904 2572 1005 2636 decus?

309 2663 446 2724 'ihreissa
468 2680 535 2721 oum
558 2679 631 2738 gens
653 2666 789 2721 numeret
811 2664 945 2742 auctoyes
967 2677 1035 2721 suos

308 2746 440 2824 limique
463 2746 565 2824 Apollo
588 2751 625 2807 sit
646 2765 762 2824 parens,
787 2746 866 2806 illusa
891 2743 1018 2822 Orpheo,

308 2831 358 2910 qui
380 2835 449 2890 sexa
470 2839 559 2892 cantu
580 2831 669 2891 mevit
691 2839 721 2891 et
741 2831 855 2890 domuit
877 2830 954 2890 ieras

308 2914 458 2994 Hebrique
482 2915 575 2976 tenuit
596 2919 723 2992 impetus
745 2914 822 2974 dulci
843 2932 934 2974 mora.

308 3018 380 3078 ergo
401 3000 471 3060 hinc
493 2999 593 3060 abesto
615 2997 704 3075 livor,
727 3017 766 3058 ne
788 3000 897 3058 irustrt
920 3015 1029 3074 gemas,

306 3084 448 3163 quouiem
469 3083 619 3145 sollemnis
640 3083 711 3144 mihi
734 3082 857 3145 debetur
878 3081 978 3160 gloria.

351 3169 507 3230 1111111111
530 3169 566 3230 ad
589 3168 762 3245 legendum:
786 3168 934 3228 sincerem
956 3165 1028 3226 mihi

299 3254 437 3314 ‘candere
459 3263 529 3316 noto
552 3253 656 3314 reddas
677 3252 816 3314 iudicium
838 3260 917 3333 peto.

726 3417 854 3470 FABULA
878 3417 889 3467 l

560 3521 762 3615 111111
792 3517 1046 3582 1111111111

352 3659 432 3718 Anus
453 3658 549 3718 iacere
570 3656 640 3717 vidit
663 3663 779 3733 epotam
802 3657 981 3733 amphoram,

313 3742 409 3804 adhoc
431 3742 591 3803 Falernae
613 3742 693 3802 iaece
715 3749 745 3800 et
766 3747 841 3802 testa
864 3739 953 3801 nobili
1013 3815 1016 3822 Ι
1120 3773 1124 3781 ,
1150 3745 1157 3764 ¹

336 3893 369 3943 37
386 3890 452 3942 lictis
471 3891 546 3942 elusit
562 3889 625 3941 iocis
644 3890 784 3941 Pittacon:
809 3889 955 3954 fietscelus
973 3889 992 3940 ii
1009 3889 1072 3941 locis
1159 3890 1264 3953 38·ego
1282 3887 1349 3940 illius

265 3973 315 4025 pro
333 3959 421 4010 semita
442 3958 557 4010 Gordius:
585 3973 632 4024 ego
650 3959 717 4009 illius
740 3973 816 4024 porro
834 3957 923 4009 semita
946 3957 989 4007 oei
1009 3957 1076 4008 illius
1100 3970 1177 4022 porro
1194 3970 1242 4020 ego
1260 3956 1350 4008 semita

269 4029 301 4078 41
321 4027 389 4092 quod
407 4027 428 4078 si
446 4026 586 4077 1111111111
604 4027 672 4092 quod
690 4026 723 4076 sit
807 4028 840 4077 41
860 4025 964 4077 nudabit
981 4025 1120 4076 Pithoeus.-
1138 4021 1243 4074 nudauit
1317 4027 1348 4076 51

267 4093 356 4145 iorsao
373 4094 580 4161 1111111111111.Ι
599 4093 685 4145 111111
702 4094 792 4160 aliquis
810 4094 854 4143 cel
870 4090 1348 4158 1111111111111111111111111111111.

269 4161 342 4228 Frige
360 4162 438 4213 111111
455 4164 584 4228 Aesopum
600 4163 727 4211 Pithoeus
803 4164 836 4212 52
856 4161 877 4213 11
891 4166 956 4227 post
972 4159 1053 4225 potuit
1070 4158 1178 4208 addidit
1193 4159 1214 4212 1.
1232 4159 1264 4212 F.
1285 4159 1351 4212 Gro-

269 4233 366 4280 nom'us
385 4228 396 4296 fl
418 4228 512 4298 Scytha
535 4228 686 4294 Rigaltr'nc:
710 4226 819 4295 Scythae
910 4232 944 4281 54
962 4227 1062 4293 propior
1079 4227 1219 4278 Pithoeus:
1237 4228 1351 4294 proprior

270 4299 304 4348 59
320 4297 446 4364 Hebrique
461 4297 613 4364 111ςαὶ1111,-
637 4295 777 4362 ilerebique
891 4299 922 4348 61
942 4293 1071 4346 sollemnis
1088 4295 1149 4346 mihi
1166 4295 1351 4360 bongarsius.-

266 4365 330 4416 inihi
348 4365 477 4418 sollemnis
583 4367 623 4430 1,2
642 4379 657 4415 e
674 4363 736 4415 odd.
753 4364 890 4414 Bentleiuc
