3409 5175
377 601 418 663 48
682 594 686 601 “
738 590 880 644 PHAEllRl
897 590 1095 643 FABULARUM

420 786 458 829 ea
479 768 534 847 puri
556 765 643 827 lectis
663 765 806 845 paludum
830 767 980 843 terripcnis
1000 764 1077 827 mula

419 853 574 931 flammant
595 861 711 924 cunata3
734 851 865 930 opertum
886 853 962 910 enirn
983 854 1037 911 ciui
1059 869 1148 913 manu

419 935 510 998 tenuit
531 955 608 1016 mean
629 935 720 998 solam
739 938 852 995 misma
874 937 906 994 in
927 933 1073 995 solacium.

460 1021 484 1081 Α
505 1021 623 1082 fictione
645 1020 749 1080 veretri
770 1018 901 1094 linguam
924 1018 1054 1079 mulieris

375 1114 406 1169 25
421 1104 600 1169 adfinitatem
623 1106 711 1168 uexit
731 1103 800 1165 inde
822 1101 995 1165 obscenitas.

817 1234 947 1287 Fluunt
964 1234 1009 1287 XV

862 1339 975 1433 ineu

459 1459 581 1537 Rogavit
603 1458 686 1535 alter,
709 1457 836 1519 tribadas
858 1470 888 1520 et
909 1458 1012 1518 molles
1032 1478 1128 1521 mares

418 1562 492 1622 quae
513 1543 586 1605 mitio
608 1547 799 1622 procreasset.
844 1547 978 1622 exposuit
1000 1562 1104 1606 senex:

458 1628 538 1689 idem
560 1630 767 1700 Prometheus,
790 1632 892 1689 auctor
913 1627 988 1705 vulgi
1011 1629 1107 1691 lictilis

415 1746 457 1757 -
479 1713 529 1792 qui
550 1714 635 1775 simul
658 1713 780 1774 offendit
800 1712 837 1773 ad
859 1714 1017 1788 fortunam,
1042 1714 1185 1793 iringiiur
1204 1750 1248 1761 -

389 1803 541 1859 anaturae
562 1809 670 1876 partes,
692 1801 771 1858 veste
793 1814 865 1875 quas
887 1796 962 1858 celat
983 1798 1088 1875 pudor,

417 1900 483 1944 cum
505 1884 660 1962 separatim
682 1882 743 1942 trito
766 1881 896 1942 tinxisset
918 1881 975 1956 die,

415 1971 604 2047 aptaremus
626 1976 659 2029 ut
680 1967 780 2045 pisset
801 1966 973 2045 corporibus
994 1967 1062 2043 suis,
1177 2006 1184 2020 ·

415 2050 453 2112 ad
475 2057 577 2113 cenam
600 2064 645 2114 est
666 2052 803 2113 invitatus
824 2051 919 2114 subito
941 2071 957 2112 a
979 2052 1094 2114 Libero.

413 2136 462 2197 ubi
485 2138 627 2214 inrigatus
648 2136 741 2197 mirltn
763 2154 851 2195 venas
873 2140 992 2197 nectare

375 2233 404 2282 10
417 2225 483 2282 seri·
505 2222 624 2283 domum
647 2230 691 2282 est
712 2223 845 2281 reversus
865 2220 1002 2281 titubanti
1024 2220 1109 2299 pede.

411 2315 476 2367 tum
497 2306 674 2368 semisomno
697 2305 786 2367 cirde
807 2313 838 2366 et
860 2323 957 2367 errore
980 2306 1060 2367 ebrio

413 2389 553 2469 adplicuit
575 2390 714 2471 virgin'ale
736 2390 836 2468 generi
858 2390 989 2452 masculo
1159 2454 1163 2461 ,

333 2482 336 2487 ’
413 2483 443 2536 et
463 2475 624 2538 masculina
646 2474 776 2536 membra
799 2469 937 2553 adplicuit
959 2475 1083 2537 liminis

411 2560 451 2622 ita
474 2565 555 2623 niinc
575 2561 664 2624 libide
686 2564 774 2640 privo
796 2560 901 2620 fruitur
922 2560 1037 2640 gaudio.

803 2691 934 2744 FABULA
951 2691 1006 2744 XVl

657 2797 712 2859 DE
742 2797 904 2859 CAPRIS
932 2796 1158 2860 BARBATIS

453 2915 578 3000 Barbam
601 2913 730 2994 capellae
752 2933 818 2976 eum
841 2919 1047 2995 impetrassent
1069 2915 1105 2978 ab
1128 2914 1205 2993 love,

412 3001 486 3063 hirei
507 3010 673 3063 maerentes
694 3000 840 3078 indignari
864 3006 1034 3080 coeperunt,

411 3087 489 3166 quod
511 3085 682 3164 dignitatem
704 3085 829 3147 feminae
850 3089 1024 3166 aequassent
1046 3104 1137 3148 suam.

413 3169 538 3231 “sinite'’
559 3171 654 3250 inquit
676 3169 760 3230 “ilias
782 3169 873 3247 gliria
895 3175 968 3229 vana
989 3169 1045 3230 irui

379 3264 448 3315 aet.
461 3259 602 3334 usurpare
624 3254 710 3315 vestri
732 3262 868 3314 ornatum
890 3253 1029 3329 muneris,

407 3343 494 3419 pares
515 3339 585 3400 dum
608 3357 667 3400 nnn
690 3337 750 3401 sint
770 3342 881 3400 vestrae
903 3337 1074 3400 fortitudini.

450 3423 513 3484 Hoc
535 3428 739 3503 augumentum
761 3428 871 3499 minet,
895 3432 928 3485 ut
949 3423 1093 3484 sustineas
1116 3422 1167 3484 tibi

408 3507 509 3570 habitu
531 3513 595 3570 esse
616 3509 734 3584 similes,
758 3509 808 3589 (ini
831 3508 889 3570 sint
910 3507 1014 3570 virtute
1037 3511 1172 3589 impares.

799 3639 928 3692 nnuma
945 3639 1011 3692 xvn
1195 3673 1198 3678 -

622 3744 678 3806 DE
706 3743 943 3806 FORTUNIS
971 3741 1186 3807 HOMINUM

451 3878 524 3940 Cum
547 3878 584 3939 116
605 3879 729 3940 fortunis
751 3880 869 3958 quidam
892 3885 1063 3956 quereretur
1084 3879 1151 3956 suis,

405 3963 536 4042 Aesepus
557 3963 640 4024 finxit
662 3964 833 4025 cansolandi
856 3964 962 4042 gratia:

431 4113 464 4162 nt
482 4128 518 4162 an
534 4113 663 4180 linguae?
726 4115 779 4176 15‚t
799 4111 1057 4166 uibadasPi'tiiocus:
1073 4112 1183 4166 triundas
1235 4115 1250 4165 5
1269 4115 1352 4180 parus
1370 4117 1445 4168 vesle

361 4180 503 4230 Pithoeus:
518 4183 596 4245 partis
613 4183 701 4235 uestae
753 4180 905 4233 similatus
924 4181 1007 4234 subito
1026 4196 1040 4232 a
1058 4181 1301 4234 liberoPitlioaus:
1322 4181 1444 4236 invitatus

362 4250 392 4297 nt
409 4246 492 4298 subito
510 4262 524 4298 a
541 4248 630 4299 liberto
701 4250 732 4301 12
750 4248 871 4315 virginale
887 4250 1026 4301 Pittoaw:
1042 4247 1157 4318 uirgineli
1227 4249 1284 4316 16,ss
1302 4248 1444 4304 fortitudini

361 4311 567 4367 Ritterrliusim:
584 4315 728 4368 lertimdine
745 4316 788 4367 ael
803 4315 954 4370 fortitudinis
