3409 5175
721 595 818 647 LIBER
836 596 846 645 1
929 616 934 631 ·

330 990 333 994 ν
618 915 748 967 FABULA
766 914 857 967 XXXII
875 914 963 979 (XXX)

307 997 456 1101 utute
485 1035 759 1098 urrururus
788 1036 1043 1099 uterorum
1071 1036 1271 1099 reorum

335 1187 468 1249 Humiles
492 1186 626 1250 laborant
646 1187 697 1249 ribi
720 1194 856 1266 potentes
878 1186 1028 1249 dissident.

337 1274 420 1334 Rana
442 1277 473 1332 in
495 1272 601 1350 palude
623 1278 753 1351 pignam
777 1281 926 1333 taurorum
948 1276 1082 1334 intuens:

296 1359 380 1419 “heu
401 1361 510 1436 quinta
532 1358 616 1419 nobis
638 1363 727 1419 instat
748 1357 932 1436 perniciesi’'
955 1358 1002 1419 ait.

292 1442 470 1520 interrogate
493 1442 529 1503 ab
551 1444 615 1519 itia,
639 1462 691 1504 cur
712 1443 769 1503 hoc
791 1442 911 1517 diceret,

293 1527 330 1589 de
351 1528 517 1606 principatu
539 1546 607 1588 eum
628 1527 670 1587 illi
692 1530 839 1587 certarent
862 1526 958 1603 gregis

291 1607 438 1691 longeque
460 1612 496 1672 ab
518 1612 588 1691 ipsis
609 1612 750 1690 degerent
770 1610 857 1671 vitim
879 1611 981 1671 boves:

292 1699 364 1759 “est
386 1696 471 1757 stttio
494 1702 625 1775 sepertta
648 1715 682 1757 ae
706 1696 848 1758 diversum
871 1713 981 1773 genus;

291 1782 343 1842 sed
365 1781 468 1859 pirisus
488 1800 581 1860 regno
604 1782 731 1842 ntmoris
753 1780 802 1859 qui
824 1780 996 1859 profugerit,

290 1866 407 1945 paludis
428 1867 459 1925 in
481 1872 594 1927 secreta
615 1866 711 1927 reniet
738 1865 858 1926 latibula

292 1960 323 2012 et
342 1949 525 2029 prteuicetas
546 1951 660 2012 tbteret
682 1951 757 2012 duri)
779 1949 864 2029 pede.

291 2034 330 2097 ita
352 2039 441 2114 etput
462 2036 499 2096 ad
522 2046 655 2097 nostrum
676 2037 758 2099 iitror
779 2034 897 2095 iliorum
918 2034 1070 2113 ptrtineu’

422 2356 426 2361 .
606 2284 735 2338 rreum
749 2284 851 2337 xxxm
871 2281 968 2351 (xxxi)

517 2404 691 2468 MlLUUS
721 2406 775 2466 ET
802 2402 1050 2465 COLUMBAE

337 2556 394 2631 Qui
415 2559 447 2617 st
471 2558 626 2619 committit
646 2556 758 2619 htmini
780 2556 935 2619 tutandum
957 2554 1091 2636 inprobo,

291 2643 396 2706 auxilia
420 2643 491 2703 dum
512 2643 644 2722 requirit,
667 2643 786 2705 exitium
808 2643 928 2703 invenit.

334 2726 494 2788 Coltmhae
516 2746 604 2806 saepe
627 2728 693 2789 erim
715 2728 858 2806 fugissent
879 2727 1002 2789 miluum

292 2822 322 2874 et
343 2811 491 2873 celeritate
512 2816 629 2890 ptnnae
651 2813 789 2874 vitassent
811 2831 925 2887 necem,

289 2896 442 2959 eonsilium
463 2905 564 2974 raptor
583 2899 668 2958 vertit
689 2899 725 2957 ad
747 2897 891 2978 failtciam

292 2992 322 3044 et
343 2986 436 3060 genus
458 2981 571 3041 inerme
594 2981 644 3042 itii
665 2982 782 3058 decepit
803 2982 888 3041 doio:

288 3070 407 3147 “quart
430 3065 585 3128 sollicitum
606 3066 702 3144 pttius
724 3084 825 3127 aevum
840 3064 954 3141 dicitis,

288 3170 376 3230 quam
398 3155 499 3228 regem
521 3168 568 3210 me
591 3151 694 3212 creetis
715 3152 772 3214 icto
794 3152 923 3226 foedere,

287 3236 336 3314 qui
357 3239 409 3296 vts
431 3234 467 3294 ab
489 3235 569 3296 omni
592 3236 669 3297 tritas
689 3244 837 3314 praestem
857 3230 1006 3296 inirim'ai”

286 3319 352 3382 iliae
375 3319 529 3382 eredentes
552 3322 670 3382 trtdunt
692 3340 756 3383 sese
777 3321 886 3395 miluo;

287 3407 336 3485 qui
357 3408 483 3482 regnum
505 3406 628 3484 adeptus
650 3406 745 3484 eoepit
766 3406 843 3466 vesei
865 3403 1004 3481 singulm,

287 3499 317 3552 et
338 3493 475 3552 exercere
496 3491 640 3566 inperium
664 3490 754 3551 saevis
776 3488 932 3568 ringuibue

286 3581 360 3636 tune
382 3574 419 3634 dt
439 3574 557 3636 relicuis
580 3575 652 3635 irna:
677 3575 806 3636 “merito
827 3575 990 3653 plectimur.
998 3571 1015 3596 '’

314 3778 373 3837 326
391 3773 453 3839 ipsis
471 3773 600 3828 Bottiue:
624 3774 673 3826 iliis
761 3778 775 3826 'i
795 3773 869 3825 statio
890 3771 1008 3824 Gudius:
1033 3771 1096 3822 ratio
1109 3769 1120 3840 fl
1129 3777 1191 3838 post
1208 3779 1322 3838 separata

250 3843 347 3893 deleuit
363 3842 443 3909 inquit
458 3840 561 3892 Gudiue
630 3845 644 3895 8
664 3843 708 3893 sed
720 3843 809 3908 pulsus
821 3841 1010 3892 Burmannus:
1029 3839 1147 3906 expulsos
1200 3843 1259 3902 33,2
1273 3840 1323 3890 exi·

246 3911 308 3961 tium
331 3911 472 3960 Pithoeus:
495 3912 587 3962 exitum
673 3914 688 3962 9
706 3911 795 3962 iniuria
819 3911 960 3961 Pithoeus.-
979 3907 1080 3960 iniurias
1173 3907 1322 3962 tetradum

246 3979 384 4029 Pithoeus:
403 3977 502 4028 tradent
573 3981 603 4030 13
622 3978 721 4032 relicuis
739 3980 879 4031 Pithoeus:
897 3976 999 4046 reliquis
