3409 5175
713 582 809 634 tinnit
827 582 848 631 V

604 753 744 815 tinnit
774 754 975 827 QUINTUS

642 941 755 1002 IDEM
782 939 933 1002 POETA

301 1134 304 1136 Α
333 1059 438 1137 desepi
462 1076 569 1119 nomen
593 1058 685 1119 sicubi
707 1059 918 1136 interposuere

291 1146 338 1208 cni
359 1144 472 1205 reddidi
494 1144 551 1204 iam
573 1144 687 1222 pridem
710 1144 850 1225 quidquid
873 1144 969 1218 debui,

289 1230 469 1292 auctoritatis
491 1231 555 1289 esse
577 1229 649 1289 seito
672 1229 779 1307 gretia:
997 1252 999 1259 ¹

291 1325 325 1377 ut
345 1314 463 1394 qnidam
486 1314 613 1376 artifices
635 1318 733 1374 nestro
756 1313 866 1373 faciunt
889 1312 1013 1386 saeculo,

293 1400 343 1480 qni
364 1399 489 1478 pretium
512 1398 649 1476 operibns
671 1399 763 1459 nudius
784 1396 945 1472 invenirint,
970 1416 1043 1457 novo

291 1484 316 1545 si
338 1484 475 1544 mermori
497 1483 714 1560 adscripserunt
737 1483 912 1556 Praxitelen,
935 1484 1050 1560 Scopan

290 1574 362 1644 aeri,
384 1570 533 1648 Myronem
556 1572 687 1647 argento,
711 1568 825 1629 tabulae
847 1566 1015 1627 Zeuxidem.

290 1654 365 1715 adeo
387 1654 500 1714 fucatae
522 1653 588 1731 pitis
609 1654 744 1715 vetustati
766 1653 842 1713 favet

290 1737 397 1799 invidia
421 1738 540 1799 mordax
563 1742 649 1817 qtrern
671 1738 758 1799 honis
779 1735 992 1815 praesentibus.

290 1824 343 1883 sed
365 1824 422 1883 iam
446 1823 482 1883 ed
505 1822 637 1883 fabellam
662 1823 727 1883 telis
748 1819 875 1901 exempli
898 1820 983 1881 feror.

710 1971 866 2024 inuuunt

328 2075 593 2137 DEMETRIUS
621 2076 712 2138 REX
738 2074 793 2136 ET
821 2074 1069 2135 MENANDER
1100 2072 1247 2136 Ponit

335 2193 507 2269 Demetrius
531 2192 579 2271 qui
601 2194 696 2254 dicius
717 2204 762 2254 est
783 2192 950 2267 Phalereus,

291 2279 419 2341 Athenas
441 2279 591 2356 occupevit
613 2278 735 2356 imperio
758 2278 901 2356 improbo.

293 2372 325 2425 ut
345 2369 411 2424 mes
432 2372 475 2425 est
497 2363 583 2440 vulgi,
607 2364 714 2442 pessim
736 2372 766 2423 et
788 2366 919 2423 certatim
941 2362 999 2423 ruit

293 2447 484 2509 “feliciteri”
505 2448 697 2508 subciemans.
721 2447 776 2526 ipsi
797 2447 944 2525 principes

293 2533 372 2595 iilam
394 2532 571 2609 osculamur,
595 2536 652 2613 qud
673 2542 743 2594 sunt
764 2536 907 2611 oppressi,
933 2550 1063 2608 manum,

293 2620 377 2680 tacite
400 2628 552 2697 gementes
574 2623 685 2679 tristem
708 2619 841 2679 fortunae
865 2617 964 2678 vicem.

292 2705 363 2784 quin
386 2704 473 2765 etiam
494 2703 604 2764 resides
626 2708 655 2765 et
677 2712 834 2782 sequentes
856 2703 957 2777 etium,

292 2805 331 2848 ne
354 2788 479 2850 defuisse
501 2794 616 2863 necent,
639 2797 747 2865 repunt
768 2787 880 2861 nitimi3

291 2872 322 2934 in
345 2877 410 2953 quis
431 2873 599 2949 Menander,
624 2871 728 2933 nebifis
750 2872 916 2946 comoediis

292 2977 365 3036 quas
387 2962 482 3035 ipsum
505 2957 644 3035 ignorans
665 2957 775 3034 legerat
797 2955 962 3017 Demetrius

290 3051 322 3103 et
344 3042 502 3103 edmiratus
524 3044 617 3104 inierat
638 3043 789 3119 ingenium
811 3041 874 3112 viri,

291 3131 442 3205 unguento
465 3127 620 3201 deiibrituS,
642 3127 745 3188 vestitu
768 3127 873 3201 fluens,

290 3212 425 3273 veniebat
447 3229 548 3289 gressu
571 3212 693 3273 delicato
716 3221 746 3272 et
767 3211 916 3288 fdnguido.

291 3297 372 3356 hunc
393 3294 443 3355 irbi
465 3306 605 3375 tyrannus
627 3296 695 3357 vidit
720 3305 848 3356 extremo
872 3294 1003 3372 dgminc:

292 3380 454 3458 “quisnem
476 3382 615 3442 cinaedus
636 3380 684 3441 iiie
706 3381 736 3440 in
759 3384 920 3458 conspectu
942 3397 1006 3438 meo

291 3465 380 3527 audet
402 3465 544 3527 venirei''
568 3466 785 3544 responderunt
806 3463 944 3543 preximi:

294 3550 368 3610 “hic
389 3554 433 3610 esi
455 3550 614 3611 Menander
636 3551 785 3627 scriptor.''
828 3551 957 3610 mutatds
979 3548 1090 3609 statim:

293 3635 423 3695 “homo’'
444 3636 540 3715 inquit
563 3636 651 3695 “tieri
675 3639 735 3694 ndn
757 3644 854 3712 potest
877 3631 1057 3694 forrndsr'or.'’

335 3717 507 3781 Humdnuor
527 3738 608 3800 saepe
629 3724 669 3780 sic
691 3720 829 3781 iudicium
850 3717 975 3797 fdliitur.

320 3849 452 3917 Vprol.2
470 3851 565 3903 reddidi
583 3853 723 3902 Pithoeus:
740 3849 810 3901 reddi
861 3853 909 3902 6.7
928 3849 1027 3914 Scopen
1047 3850 1097 3901 aeri
1109 3850 1259 3902 Berrtisinc:
1278 3866 1324 3902 suo

245 3918 341 3971 detrito
411 3919 545 3971 'itabulae
562 3919 697 3970 Zeuxidem
714 3918 865 3969 Bentleiur:
884 3917 982 3969 fabulae
999 3917 1132 3970 exaudient
1194 3919 1326 3970 8fueufuc

246 3986 402 4038 Bentleiue:
426 3986 546 4053 fugataen
560 3987 679 4038 vetustati
704 3988 869 4037 Per-otidum:
892 3986 999 4038 uetustis
1104 3987 1143 4048 1‚t
1167 3986 1325 4038 succlamare

245 4053 439 4107 Burmannus:
456 4054 614 4106 subclamani
667 4057 682 4106 8
701 4069 733 4105 ne
742 4056 882 4104 Pithoeus.-
900 4054 925 4104 ni
977 4055 1239 4119 repnniPoroitinru:
1257 4070 1327 4120 repc-

246 4125 308 4172 tuni
385 4124 417 4174 12
434 4121 516 4173 fluens
534 4126 700 4172 Pwoitinur:
717 4122 814 4173 afluens
832 4122 875 4171 nef
891 4121 998 4172 affluens
1080 4123 1109 4173 13
1130 4136 1220 4186 gressu
1238 4127 1325 4172 nereio

248 4191 327 4254 qrrfs:
345 4203 434 4253 gresso
489 4192 519 4243 18
536 4193 703 4240 servatoria
720 4190 777 4239 soio
796 4191 852 4239 cod.
872 4190 1008 4239 Perottr'no
1026 4189 1073 4238 sed
1089 4191 1128 4239 ita
1145 4195 1178 4239 ut
1194 4191 1327 4241 formosior

248 4256 397 4308 Ianeliinr:
415 4256 428 4307 f
434 4284 445 4306 a
455 4273 601 4309 amesa.
613 4258 698 4308 codex
802 4260 833 4309 19
851 4257 980 4307 Ianelline
998 4255 1105 4306 addidit
1121 4273 1155 4307 ear
1171 4259 1325 4325 prornyter'o

247 4325 388 4376 Perottr'no
408 4326 457 4376 itoc
475 4341 526 4393 quo
543 4325 618 4377 modo
637 4339 713 4392 saepe
730 4324 829 4376 faiiatnr
845 4323 976 4376 hominum
992 4322 1111 4376 indicium
