3409 5175
712 586 809 640 LIBER
825 588 869 641 llll

296 772 397 817 moror
419 753 592 831 intereras,
616 757 723 838 templa
744 757 891 836 perlustro
913 761 1019 823 emnia.

296 841 327 901 in
350 840 445 919 cepite
466 840 544 919 regis
565 842 664 917 sedeo,
687 860 754 903 cum
775 842 869 904 visdm
892 854 936 906 est
957 846 1027 907 mihi

297 934 326 988 et
346 928 547 987 matronarum
569 930 649 987 casta
671 926 767 987 delibo
790 926 900 989 escula.

295 1009 396 1071 labero
420 1008 491 1070 nihil
513 1018 599 1090 atque
622 1011 739 1089 optimis
760 1011 848 1073 rebus
871 1013 959 1075 fruor.

294 1092 364 1174 quid
384 1094 491 1155 berum
513 1095 605 1156 simile
627 1095 679 1156 tibi
701 1096 854 1175 contingit,
876 1096 1027 1159 rustica?”

295 1182 361 1240 “est
383 1177 526 1255 gleriosus
548 1184 619 1241 sene
641 1180 792 1243 convictus
813 1182 911 1258 deum,

292 1263 419 1340 sedili,
443 1263 491 1343 qui
512 1264 658 1341 invitatur,
681 1284 742 1327 non
765 1265 814 1346 qui
835 1265 945 1327 invisus
967 1276 1020 1329 est.

291 1352 378 1426 reges
400 1366 612 1411 commemoras
634 1352 663 1410 et
683 1358 884 1411 matronarum
907 1351 1015 1413 escula.

294 1450 349 1511 ego
373 1436 497 1509 granum
519 1434 549 1494 in
572 1433 698 1494 hiemem
721 1438 789 1494 com
811 1434 940 1496 studiose
963 1441 1101 1516 congero,

292 1527 324 1579 te
346 1518 424 1577 circa
446 1535 562 1579 murum
584 1518 665 1596 pasci
688 1519 769 1579 rideo
791 1521 929 1580 stercore.

292 1605 358 1662 ares
379 1602 564 1681 frequentas:
587 1606 694 1681 nempe
716 1602 850 1680 abigatis,
873 1609 931 1682 quo
954 1602 1043 1667 venis

291 1685 365 1747 uibll
386 1685 516 1748 laboras:
540 1686 606 1747 ideo
628 1704 696 1748 cum
718 1706 792 1766 opus
814 1695 867 1763 est,
891 1687 934 1747 nll
955 1688 1055 1752 babes.

293 1787 381 1847 super
402 1768 489 1832 etiam
511 1770 610 1846 iactas,
632 1775 730 1848 tegere
752 1772 830 1851 quod
853 1770 941 1833 debet
965 1774 1066 1851 pudor.

291 1859 401 1917 aestete
422 1872 470 1915 me
491 1854 626 1931 lacessis3
650 1874 718 1917 cum
738 1855 842 1917 bruma
865 1869 919 1932 est,
941 1857 1024 1920 siles:

289 1944 366 2000 morl
388 1948 566 2002 contractam
590 1944 657 2001 cum
680 1947 709 2001 te
731 1949 842 2018 cogunt
863 1941 980 2019 frigora,

289 2042 338 2085 mo
361 2024 476 2103 cepiosa
498 2025 600 2103 recipit
622 2024 800 2086 incolumem
822 2024 934 2086 domus.

289 2112 361 2170 satls
382 2108 513 2187 prolecto
535 2109 643 2171 rettudi
665 2108 858 2188 superbiam.'’

332 2192 450 2254 Fabella
472 2192 537 2256 talis
558 2194 711 2256 bominum
726 2194 865 2255 discernit
883 2201 968 2256 notas

290 2282 402 2355 eorum,
426 2279 475 2357 qui
497 2296 529 2339 se
551 2278 631 2340 falsis
649 2287 756 2340 ornant
771 2278 914 2355 leodibus,

289 2371 319 2425 et
341 2367 465 2443 quomm
486 2362 577 2427 virtus
599 2362 715 2424 exhibet
736 2362 861 2423 solidum
887 2361 985 2424 decus.

676 2560 805 2614 mama
822 2560 889 2614 XXV

695 2666 878 2728 POETA

332 2784 482 2856 Quantum
503 2783 633 2844 valerent
654 2787 731 2846 inter
751 2784 886 2846 homines
908 2784 1021 2847 litterae

287 2866 346 2928 dial
369 2867 516 2945 superius:
540 2872 667 2946 quantus
689 2886 769 2929 nunc
791 2867 848 2928 lllis
869 2869 964 2930 bonos

288 2969 304 3012 a
326 2951 439 3030 sr'rpeu's
461 2952 499 3013 sit
521 2951 646 3013 tributus
667 2952 780 3013 tradam
801 2953 968 3014 memoriae.

330 3036 494 3098 Simonides
515 3034 593 3096 idem
614 3035 675 3112 dle,
698 3037 736 3096 de
758 3055 815 3116 quo
837 3036 946 3113 rettuli,

285 3120 386 3182 victeri
407 3121 524 3182 laudem
546 3121 662 3182 cuidam
684 3128 786 3200 pyctae
808 3130 840 3182 ut
864 3121 1013 3198 scrlberet,

286 3209 367 3267 certd
391 3206 553 3267 conductus
575 3205 668 3284 pretio
690 3210 835 3266 secretum
857 3205 938 3285 petit.

285 3293 389 3368 exlgua
413 3308 480 3351 cum
501 3291 630 3351 frenaret
651 3290 771 3352 materia
792 3293 945 3368 impetum,

284 3378 357 3436 usus
376 3381 481 3453 poetae
502 3378 584 3435 mere
607 3380 651 3434 est
672 3386 698 3436 et
719 3374 834 3436 licentia

209 3530 213 3539 ¹
285 3467 373 3537 atque
394 3459 570 3536 interposuit
592 3459 706 3536 gemina
730 3458 826 3520 Ledae
848 3457 953 3534 sidera,

285 3543 488 3605 auctoritatem
510 3541 610 3602 similis
632 3543 763 3604 reserens
785 3541 903 3619 gloriae.

285 3644 360 3706 opus
382 3627 551 3706 adprobavit
558 3645 567 3702 ;
590 3625 642 3688 sed
664 3626 807 3687 mercedis
827 3626 943 3688 tertiam

284 3711 397 3788 accepit
418 3722 541 3791 partem.
585 3715 653 3772 cum
675 3710 813 3773 relicuom
835 3714 984 3790 posceret:

223 3835 228 3845 ›
286 3794 374 3856 “illi’'
397 3797 492 3876 lnquit
513 3795 674 3873 “reddant,
696 3800 821 3874 quemm
842 3803 913 3858 sunt
934 3794 1028 3858 laudis
1050 3794 1133 3858 duae.

283 3899 394 3956 verum,
417 3885 450 3941 ut
471 3899 510 3942 nc
530 3879 602 3943 irate
623 3884 653 3942 te
675 3879 824 3943 dimissum
839 3883 961 3943 censeas

312 4048 343 4098 15
361 4046 432 4114 pasci
448 4044 522 4098 video
539 4047 708 4098 Perottinus:
731 4046 805 4100 rideo
830 4046 902 4115 pasci
988 4049 1018 4100 17
1037 4045 1072 4099 nil
1090 4045 1230 4098 Pithoeao:
1256 4044 1317 4097 nibil

242 4117 274 4169 18
293 4113 369 4166 debet
384 4115 553 4166 Per-octium.-
571 4112 649 4165 debes
705 4115 764 4177 25‚5
782 4114 871 4166 victori
888 4115 1056 4166 Perottinus:
1075 4110 1176 4164 victoris
1227 4115 1317 4180 pyctae

240 4184 412 4234 Perottinus:
428 4181 510 4249 piceae
574 4183 590 4235 6
608 4179 748 4233 conductus
765 4180 918 4236 Bentloiua:
936 4181 1055 4233 conduxit
1114 4181 1130 4232 8
1147 4193 1217 4232 more
1235 4182 1317 4231 estet

240 4249 430 4302 Burmannus:
443 4248 521 4301 moris
540 4251 579 4300 est
624 4250 653 4302 ta
671 4246 940 4301 reddantBentler'or:
958 4247 1062 4301 reddent
1108 4246 1188 4300 laudis
1201 4245 1316 4310 Sabelle-

241 4334 305 4369 roa:
323 4315 411 4371 laudes
484 4320 514 4370 14
533 4330 637 4370 censeas
655 4316 794 4370 Heinsius:
812 4314 919 4370 sentiam
