3409 5175
1423 1421 1834 1500 INDICES
1875 1417 1880 1421 ’

1616 1689 1646 1742 I

563 1810 741 1863 Adhuc
776 1811 1046 1876 supersunt
1079 1806 1250 1873 multa,
1287 1821 1415 1875 quae
1448 1806 1640 1873 possim
1673 1806 1814 1875 loqui
1847 1806 1936 1861 1111
1971 1806 2094 1876 epil.

563 1879 642 1930 Ad
676 1877 836 1929 rivum
870 1876 1082 1928 eundem
1116 1876 1265 1943 lupus
1302 1878 1354 1926 et
1386 1889 1547 1941 agnus
1582 1878 1825 1926 venerant
1868 1875 1890 1927 1
1929 1880 1953 1929 1

562 1945 821 1997 Adversus
857 1958 1031 1995 omnes
1069 1942 1210 1995 fortis
1246 1942 1445 1993 veloces
1481 1942 1612 1993 feras
1647 1941 1693 1991 V
1731 1945 1794 1994 10

562 2011 753 2078 Aesopi
786 2010 990 2079 ingenio
1024 2012 1241 2061 statuam
1274 2023 1490 2075 posuere
1524 2006 1672 2059 Attici
1708 2008 1752 2059 11
1787 2011 1911 2077 epil.

562 2079 750 2145 Aesopi
786 2093 971 2130 nornen
1005 2077 1165 2129 sicubi
1197 2077 1544 2143 interposuere
1580 2073 1621 2125 V
1652 2076 1794 2142 prol.

562 2147 768 2213 Aesopo
802 2146 1004 2213 quidam
1039 2144 1221 2211 scripta
1254 2144 1484 2196 recitarat
1516 2142 1647 2195 mala
1680 2143 1747 2195 VI
1781 2148 1813 2195 7

567 2216 802 2280 Aesopus
836 2216 1010 2264 auctor
1044 2228 1193 2279 quam
1228 2212 1485 2264 materiam
1517 2211 1738 2277 repperit
1767 2212 1791 2263 1
1825 2211 1967 2278 prol.

566 2281 799 2347 Aesopus
835 2280 1038 2332 domino
1074 2280 1213 2331 solus
1251 2294 1364 2331 cum
1401 2282 1537 2331 esset
1571 2278 1758 2329 familia
1792 2279 1861 2331 111
1898 2282 1962 2333 19

568 2349 802 2414 Aesopus
836 2347 967 2413 turpi
1004 2363 1158 2414 quum
1194 2347 1404 2398 serviret
1438 2346 1653 2397 feminae
1686 2345 1752 2397 VI
1791 2350 1852 2399 15

565 2416 613 2466 A
648 2411 843 2466 feminis
877 2421 1133 2481 utcunque
1167 2413 1367 2480 spoliari
1403 2413 1538 2465 viros
1571 2413 1615 2465 11
1652 2414 1683 2464 2

564 2482 760 2533 Amittit
792 2482 970 2533 merito
1004 2481 1257 2548 proprium
1293 2481 1375 2548 qui
1413 2480 1629 2533 alienum
1664 2479 1853 2546 adpetit
1885 2480 1908 2533 1
1943 2486 1976 2535 4

565 2550 796 2616 Angusto
829 2550 883 2601 in
918 2548 1053 2602 aditu
1086 2552 1260 2602 taurus
1293 2549 1491 2602 luctans
1526 2547 1764 2600 cornibus
1789 2546 1832 2599 V
1865 2550 1898 2602 9

564 2618 707 2668 Anus
743 2619 907 2670 iacere
940 2617 1064 2669 vidit
1097 2620 1295 2684 epotam
1329 2617 1621 2683 amphoram
1654 2616 1721 2667 111
1759 2622 1785 2668 1

565 2686 702 2751 Apes
738 2685 790 2735 in
825 2685 923 2736 alta
959 2699 1146 2752 quercu
1183 2687 1405 2737 fecerant
1438 2685 1580 2737 favos
1614 2683 1678 2736 111
1720 2687 1784 2736 13

563 2755 606 2802 A
644 2752 744 2803 uila
779 2752 830 2803 in
864 2751 1063 2803 sublimi
1168 2766 1288 2803 ercu
1320 2751 1495 2802 nidum
1528 2752 1716 2802 fecerat
1748 2751 1792 2802 Π
1828 2754 1862 2803 4

562 2820 633 2871 Ar
670 2819 782 2870 itrio
817 2819 859 2870 si
894 2823 1071 2870 natura
1141 2818 1332 2870 nxisset
1365 2833 1479 2869 meo
1512 2817 1577 2869 VI
1611 2820 1643 2869 2

563 2886 752 2938 Asinus
786 2887 1032 2937 iacentem
1065 2884 1188 2936 vidit
1220 2884 1273 2936 in
1307 2889 1450 2951 prato
1484 2885 1645 2952 lyram
1677 2883 1743 2935 VI
1782 2887 1844 2937 12

566 2954 793 3005 Athenae
827 2968 943 3004 cum
975 2953 1212 3003 florerent
1244 2952 1420 3019 aequis
1455 2953 1653 3019 legibus
1686 2951 1706 3003 1
1745 2955 1776 3003 2

568 3019 706 3083 Avis,
744 3036 894 3088 quam
928 3020 1099 3072 dicunt
1133 3019 1462 3071 terraneolam
1496 3019 1667 3071 rustici
1700 3018 1767 3069 VI
1803 3021 1868 3072 30

567 3086 783 3139 Barbam
819 3087 1041 3153 capellae
1075 3101 1188 3138 cum
1223 3087 1540 3152 impetrasset
1573 3087 1635 3138 ab
1672 3087 1792 3137 Iove
1825 3086 1914 3138 1111
1952 3091 2016 3141 16

570 3154 709 3205 Calvi
742 3154 1011 3206 momordit
1044 3168 1217 3206 musca
1253 3153 1491 3205 nudatum
1528 3156 1677 3220 caput
1712 3153 1754 3204 V
1789 3155 1820 3206 3

570 3221 732 3273 Canes
768 3221 990 3288 effugere
1025 3237 1138 3272 cum
1173 3221 1272 3273 iam
1307 3236 1410 3272 non
1444 3221 1607 3287 possit
1638 3220 1766 3272 fiber
1798 3219 1863 3273 VI
1898 3224 1964 3276 28

571 3288 734 3340 Canes
769 3290 962 3355 legatos
998 3289 1115 3340 olim
1150 3290 1334 3340 misere
1369 3289 1430 3341 ad
1464 3291 1634 3341 lovem
1668 3288 1757 3339 1111
1796 3291 1860 3340 18

572 3354 760 3408 Cervus
796 3355 1077 3407 nemorosis
1112 3356 1353 3407 excitatus
1394 3356 1613 3409 latibulis
1647 3356 1691 3406 Π
1728 3358 1759 3407 9

573 3421 789 3475 Consilia
827 3423 914 3490 qui
937 3422 1067 3474 'dant
1098 3437 1253 3488 prava
1287 3423 1446 3474 cautis
1481 3422 1768 3474 hominibus
1803 3421 1826 3473 1
1861 3424 1926 3474 27

574 3488 758 3542 Contra
790 3494 1021 3557 potentes
1056 3503 1207 3541 nemo
1242 3492 1322 3540 est
1354 3490 1576 3541 munitus
1612 3489 1735 3540 satis
1772 3489 1814 3540 11
1851 3492 1883 3539 7.

567 3556 695 3608 Cum
728 3557 1036 3610 blandiretur
1069 3556 1237 3608 iuveni
1270 3557 1500 3608 meretrix
1534 3556 1720 3622 perfida
1756 3554 1820 3606 VI
1854 3559 1921 3609 27

569 3623 696 3676 Cum
730 3625 1007 3677 castitatem
1040 3624 1165 3676 Iuno
1198 3623 1425 3676 laudaret
1458 3639 1600 3674 suam
1632 3623 1697 3674 Vl
1734 3625 1767 3676 9

569 3691 695 3743 Cum
730 3692 793 3744 de
829 3692 1041 3743 fortunis
1078 3691 1277 3758 quidam
1314 3695 1602 3758 quereretur
1635 3691 1741 3743 suis
1776 3690 1843 3743 111
1880 3694 1941 3743 17

570 3757 697 3810 Cum
731 3760 1063 3811 destinassem
1097 3759 1363 3811 terminum
1398 3760 1535 3824 operi
1572 3762 1790 3810 statuere
1823 3759 1912 3810 1111
1942 3758 2081 3826 prol.

569 3825 694 3878 Cum
731 3842 907 3880 servus
943 3841 1158 3894 nequam
1192 3825 1385 3878 Socrati
1418 3826 1739 3878 malediceret
1770 3825 1835 3877 VI
1872 3828 1903 3878 2

570 3891 693 3945 Cum
732 3897 1019 3946 venatorem
1055 3895 1295 3960 celeripes
1332 3895 1526 3960 fugeret
1557 3895 1702 3960 lepus
1738 3892 1803 3944 VI
1831 3895 1896 3947 26

570 3959 695 4012 Cum
728 3962 845 4012 victi
880 3976 1047 4013 mures
1082 3962 1407 4013 mustelarum
1443 3963 1659 4013 exercitu
1694 3961 1781 4014 1111
1819 3965 1850 4015 6
1894 3969 1899 3974 ’

570 4026 730 4080 Cursu
765 4029 955 4080 volucri
992 4026 1216 4094 pendens
1252 4028 1303 4078 in
1339 4028 1582 4079 novacula
1615 4027 1661 4077 V
1695 4031 1726 4080 8

569 4093 868 4160 Demetrius,
903 4097 988 4162 qui
1023 4094 1185 4145 dictus
1221 4097 1300 4146 est
1332 4092 1602 4145 Phalereus
1637 4093 1681 4143 V
1718 4098 1743 4145 1

569 4160 683 4214 Duo
718 4177 832 4213 cum
866 4160 1161 4213 incidissent
1194 4160 1244 4211 in
1279 4160 1521 4212 latronem
1556 4160 1739 4211 milites
1773 4161 1819 4211 V
1853 4163 1884 4213 2

572 4229 770 4295 Equum
804 4244 834 4281 e
869 4229 1108 4296 quadriga
1142 4228 1310 4280 multis
1344 4228 1525 4294 palmis
1560 4227 1780 4278 nobilem
1815 4227 1881 4280 VI
1921 4231 1982 4281 19

577 4295 750 4362 Equus
784 4296 960 4349 sedare
995 4295 1174 4348 solitus
1210 4310 1311 4362 quo
1348 4294 1509 4348 ruerat
1542 4294 1676 4346 sitim
1709 4293 1798 4348 1111
1834 4298 1868 4347 4
