3409 5175
343 527 386 589 40
695 519 1055 579 rumumranumuuu

386 692 497 754 vestris
518 692 548 753 iu
572 693 686 755 chartas
708 693 794 755 verba
818 694 981 757 transfertis
1002 712 1067 755 mea
1126 707 1128 711 ’
1193 703 1195 706 ’
1236 700 1239 705 ”

387 779 567 858 dignumque
588 777 678 856 langa
699 778 832 840 iudicatis
852 779 1002 840 memoria.

347 872 379 923 20
392 862 583 925 inlitteratum
604 862 740 943 plausum
763 882 815 925 cur
837 862 995 925 desidero?

807 1078 963 1131 FABULAI

677 1181 841 1245 dSlNUS
869 1183 925 1244 ΕΤ
953 1182 1087 1246 GALLI

432 1318 488 1391 Qui
510 1322 598 1379 uetus
619 1327 664 1379 est
684 1317 794 1394 iutetjx,
818 1337 879 1378 nou
902 1318 987 1379 rita'm
1009 1320 1096 1381 medo

389 1404 504 1465 tristem
526 1403 663 1476 decurrit,
686 1406 787 1485 verum
808 1413 876 1482 post
898 1402 1010 1465 abitum
1033 1422 1148 1484 quaque

387 1489 572 1567 persequitur
593 1486 676 1548 illum
697 1488 770 1548 dura
792 1488 843 1549 tati
865 1488 989 1549 miseria.

408 1572 507 1633 2Gattt
530 1571 661 1652 Cybebes
683 1576 794 1633 circum
816 1576 848 1634 iu
870 1582 1006 1653 quaestus
1029 1574 1136 1636 ducere

359 1659 505 1720 aasiur'rm
527 1657 660 1719 sciebant
681 1656 860 1718 baiulantem
883 1658 1024 1718 sarcinas.

388 1743 415 1805 is
436 1747 504 1804 crim
524 1742 625 1803 tabere
648 1749 678 1802 et
698 1741 793 1819 plagis
815 1752 892 1803 esset
913 1746 1054 1819 mertuus,

389 1829 519 1907 detracta
540 1826 617 1906 petie
638 1826 694 1887 sihi
715 1828 848 1888 iecerunt
869 1832 1016 1906 tympana.

386 1912 481 1989 regati
502 1929 571 1972 mcx
592 1930 610 1971 a
632 1911 768 1991 quddam,
790 1910 895 1972 delicie
917 1930 970 1973 suc

289 2053 292 2058 ⁴
389 1996 529 2075 quidnam
550 1996 696 2073 iecissent,
719 1996 775 2056 hec
796 1996 888 2059 lucuti
909 2002 978 2058 sunt
999 1995 1103 2059 modo:

348 2092 377 2142 tu
392 2081 533 2160 “putebat
554 2100 586 2142 se
608 2088 674 2160 pust
694 2086 820 2142 mertem
842 2086 978 2143 securum
999 2081 1077 2141 ture:

390 2186 469 2229 ecce*
482 2166 554 2227 aliae
576 2165 680 2244 plagae
702 2170 903 2245 ceugeruntur
924 2166 1067 2227 mertuo.''

799 2381 928 2434 FABULA
945 2383 967 2435 tl

810 2486 962 2548 POETA

434 2621 564 2684 Ioculere
588 2621 640 2682 tihi
662 2621 776 2683 videtur
797 2631 827 2682 et
848 2626 919 2682 sane
941 2621 1004 2698 levi,

388 2707 461 2768 dum
484 2707 555 2767 nihil
578 2707 719 2768 habemus
741 2706 843 2780 meins,
867 2707 978 2768 calamo
1001 2705 1137 2770 ludimus.
1228 2753 1234 2764 ,

391 2793 444 2853 sed
466 2791 622 2869 diligenter
643 2795 757 2852 intuere
779 2792 833 2852 has
855 2791 973 2853 uenias:

392 2881 533 2957 quantem
555 2876 608 2937 sub
629 2875 687 2937 ittis
708 2876 862 2939 utilitatem
885 2875 1027 2957 reperies!
1166 2949 1170 2955 ,

360 2970 453 3022 tucn
477 2965 593 3036 semper
615 2979 648 3023 ea
671 2972 751 3037 suut,
774 2966 849 3041 quae
870 2962 1021 3022 videntur:
1045 2961 1152 3040 decipit

391 3047 474 3107 truns
493 3049 588 3124 prima
610 3045 736 3108 multus:
759 3050 823 3107 rera
847 3065 932 3106 mens
952 3045 1104 3124 intellegit,

392 3131 470 3208 quod
492 3129 631 3191 interiere
654 3129 784 3190 uendidit
806 3148 877 3190 eura
900 3130 1016 3206 augutu.

391 3216 449 3276 hcc
471 3219 509 3274 ue
530 3214 647 3275 locutus
668 3215 734 3275 sine
755 3214 893 3274 mercede
915 3215 1070 3288 dirimimur,

390 3298 526 3361 tabellam
549 3298 670 3359 adiciam
694 3298 736 3359 de
757 3298 920 3360 mustela
942 3309 977 3360 et
998 3298 1179 3360 muribus.

350 3395 381 3445 10
436 3383 558 3446 Mustela
581 3402 647 3444 cum
671 3385 756 3445 aunis
778 3389 808 3444 et
830 3392 948 3445 senecta
971 3384 1073 3445 debitis

390 3473 490 3530 mures
511 3468 625 3529 veloces
646 3473 707 3529 neu
730 3468 837 3529 valeret
860 3469 987 3547 adsequi,

390 3553 509 3614 invdlvit
530 3572 561 3614 se
583 3554 676 3614 iariua
700 3562 729 3614 et
750 3553 875 3615 obscure
896 3553 961 3615 luca

394 3637 499 3699 abiecit
522 3638 722 3716 neglegenter.
765 3657 831 3700 mus
853 3643 951 3699 eseam
972 3647 1081 3715 putans

393 3721 510 3783 adsiluit
530 3732 561 3783 et
583 3726 774 3800 comprensus
795 3723 931 3784 occubuit
953 3722 1030 3783 neci'

458 3907 488 3958 18
507 3905 647 3956 transfertis
664 3906 802 3957 Reddam:
826 3905 981 3957 transteretis
1084 3905 1117 3956 20
1135 3902 1296 3955 inlitteratum
1313 3904 1431 3971 plausum

350 3989 396 4026 cur
413 3973 571 4039 Scioppius:
587 3973 613 4024 in
630 3971 768 4024 litterarum
784 3974 900 4039 plausum
917 3969 953 4024 ire
1042 3975 1081 4039 1,4
1099 3973 1125 4024 in
1143 3969 1206 4026 add.
1225 3969 1327 4022 Gradiue
1398 3976 1428 4025 it

354 4043 455 4093 mortuo
473 4043 615 4092 Pittacus:
633 4041 723 4092 mortui
810 4043 849 4104 2,1
870 4041 920 4092 levi
938 4041 1105 4104 Scdefferue:
1123 4041 1179 4092 leue
1256 4042 1271 4092 2
1290 4041 1371 4092 maius
1387 4043 1432 4092 Pi-

355 4111 463 4161 teoeuc:
480 4123 556 4159 mauu
642 4108 724 4161 tsub
742 4108 792 4160 iltis
809 4111 951 4161 Hteoecs:
969 4108 1068 4162 subtilis
1148 4106 1274 4174 ddecipit
1291 4110 1433 4160 Pictones:

354 4177 450 4243 despici
528 4179 541 4228 7
562 4176 679 4228 interiore
696 4175 903 4228 littterrtcsius:
920 4177 1037 4230 interiore
1124 4180 1156 4230 14
1174 4175 1275 4228 adsiluit
1291 4178 1433 4228 Pithoeus:

353 4245 437 4298 adsilit
450 4243 460 4314 l
471 4259 636 4310 comprensus
649 4243 858 4298 diremimus:
876 4259 1037 4314 compressus
1074 4251 1078 4259 '
