3409 5175
709 594 850 672 euneoru
865 595 1066 651 xretentandum

720 796 847 849 rreum
865 797 953 849 xxnu
972 796 1058 862 (xxm

661 901 875 963 MUSTELA
904 902 959 963 ΕΤ
987 900 1115 963 HOMO

437 1018 557 1079 Mustela
580 1018 616 1077 ab
637 1019 756 1079 homine
778 1023 895 1097 prenso,
920 1038 986 1080 eum
1008 1020 1167 1081 instantem
1193 1039 1295 1081 necem

394 1104 521 1179 effugere
543 1102 643 1163 vellet:
666 1105 800 1183 “quaeso
833 1104 943 1181 paroe”
966 1106 1061 1182 inquit
1083 1104 1189 1179 “mihi

371 1206 468 1266 uuae
490 1187 543 1247 tibi
564 1187 694 1247 molestis
714 1189 845 1248 muribus
866 1193 960 1267 purgo
983 1188 1129 1249 domum.”

393 1272 544 1349 respondit
563 1271 627 1332 ille:
651 1272 788 1332 “laceres
809 1273 834 1333 si
856 1273 943 1333 eausa
964 1290 1039 1348 mea,
1079 1306 1082 1321 ι

362 1365 507 1433 agrotum
530 1360 607 1416 esset
628 1368 654 1416 et
675 1356 821 1417 dedissem
843 1358 955 1417 reniam
979 1358 1111 1436 supplici.

394 1458 473 1500 nuno
494 1443 561 1518 qnia
582 1439 706 1516 laboras,
728 1446 761 1500 ut
782 1442 886 1501 fruaris
907 1440 1042 1520 reliquiis

392 1542 464 1603 quas
485 1528 555 1585 sdnt
575 1524 678 1600 rosum,
702 1526 788 1585 simul
810 1535 839 1587 et
861 1527 939 1604 ipsos
962 1527 1088 1601 devores,
1117 1548 1123 1560 ·

392 1607 451 1669 noli
474 1610 609 1685 inputare
630 1613 736 1669 vanum
758 1610 932 1671 beneficium
955 1610 1052 1670 mihi.'’

390 1702 477 1771 atque
499 1696 536 1753 lta
559 1692 673 1754 loeutus
695 1695 848 1773 inprobam
871 1694 930 1754 letd
954 1694 1040 1754 dedit.

349 1787 378 1835 tt
433 1777 497 1837 Hoc
517 1781 549 1836 in
571 1796 603 1837 se
625 1777 733 1837 dietum
756 1777 865 1838 dehent
885 1778 925 1837 illi
943 1781 1112 1853 agndseere‚

390 1864 514 1939 quorum
535 1860 644 1939 privata
667 1862 752 1922 servit
774 1862 880 1922 rutilitas
904 1861 958 1921 sibi

390 1953 419 2005 et
440 1943 574 2004 meritum
596 1944 683 2005 inane
705 1946 814 2007 iactant
835 1945 1067 2025 inprudentibus,

716 2110 843 2162 rneutn
861 2110 929 2162 XXV
948 2108 1044 2173 (lllllllt

674 2214 832 2275 ants
867 2214 1089 2277 FlDELlS

429 2333 561 2410 Repente
582 2331 708 2392 liberalis
730 2332 824 2393 stultis
846 2336 945 2410 gratus
968 2342 1019 2405 est,

387 2417 486 2477 veriam
507 2416 607 2495 peritis
629 2419 733 2477 inritos
755 2417 850 2478 tendit
873 2418 964 2477 dolos.

428 2502 596 2563 Nocturnus
617 2519 685 2560 oum
705 2502 752 2561 fur
773 2506 879 2577 panem
902 2501 1026 2562 misisset
1050 2502 1126 2576 oeni,

387 2584 499 2647 obiecto
521 2595 667 2664 temptans
690 2590 726 2646 an
750 2583 815 2645 cibo
837 2589 935 2663 posset
957 2585 1037 2663 oapi:

356 2669 510 2731 5“heus'’
534 2671 629 2750 inquit
650 2670 805 2747 “linguam
828 2674 870 2729 vis
893 2688 987 2729 meam
1011 2669 1207 2748 praeolddere,

386 2772 424 2814 ne
446 2754 548 2815 latrem
570 2773 624 2832 pro
646 2773 678 2814 re
700 2753 831 2813 dominil
852 2753 975 2814 multum
992 2753 1106 2813 falleris.

387 2857 511 2918 namque
526 2843 581 2899 ista
603 2839 696 2899 subita
719 2842 767 2898 nie
789 2838 870 2898 iubet
890 2838 1057 2916 benigniias

385 2924 512 3001 vigilare,
534 2924 621 2984 iacias
643 2927 681 2983 ne
703 2941 767 2984 mea
790 2922 876 3000 eulpa
898 2922 1038 2984 luorum.’'

704 3087 832 3139 FABULA
849 3087 927 3138 XXVI
951 3087 1057 3149 (Xlillllt

630 3191 745 3252 utun
771 3190 919 3252 RUPTA
948 3189 1002 3250 ΕΤ
1030 3189 1115 3251 BOS

426 3310 524 3388 lndps‚
547 3317 698 3388 potentem
720 3308 791 3367 dum
813 3306 872 3368 vult
895 3307 1010 3381 imitari,
1033 3307 1116 3386 perit.

425 3395 459 3454 ln
481 3398 564 3471 prato
587 3393 733 3471 quondam
756 3395 827 3452 rana
849 3395 1004 3469 conspexit
1025 3392 1126 3452 bovem

383 3489 412 3539 et
435 3483 510 3539 taeta
532 3477 636 3538 invidia
660 3481 757 3537 ta'ntae
780 3476 987 3552 magnitudinis

381 3567 519 3640 rrrgosam
532 3562 640 3622 inflavit
655 3559 769 3638 pellem.
795 3569 856 3622 tnm
873 3565 957 3621 natds
974 3579 1042 3622 suos
1121 3559 1136 3596 '⁸

354 3646 579 3724 tinterrogavit,
603 3651 640 3707 an
663 3645 734 3705 bove
757 3655 834 3707 esset
857 3645 949 3707 latior.

383 3730 425 3792 illi
447 3738 601 3808 negarunt.
630 3735 732 3790 rursus
752 3729 878 3789 intendit
900 3737 996 3790 eutem

381 3815 490 3876 maiore
512 3815 577 3875 nisu
600 3823 629 3875 et
651 3814 736 3874 simili
758 3814 898 3892 quaesivit
920 3812 1016 3885 modo,

381 3900 445 3980 quis
466 3900 558 3962 maior
579 3907 664 3959 esset.
699 3899 740 3958 illi
761 3898 895 3959 dixerunt
917 3898 1027 3958 bovem.

404 4115 463 4175 243
482 4131 576 4182 quaeso
593 4129 668 4181 parce
684 4112 765 4181 inquit
782 4111 970 4166 Burmannus.-
989 4127 1084 4182 quaeso
1101 4112 1181 4230 inssuit
1198 4125 1271 4178 parce
1349 4113 1365 4164 5
1383 4115 1408 4162 et

337 4180 399 4232 add.
414 4181 540 4234 Pithoeus
607 4185 622 4234 7
641 4197 704 4248 ques
722 4180 930 4232 Hittershostus:
949 4196 1013 4246 qnae
1025 4181 1034 4246 ll
1046 4186 1109 4246 post
1148 4193 1236 4231 evorea
1254 4177 1353 4230 deleuit
1368 4177 1408 4230 liic

337 4248 456 4315 intellege
475 4250 581 4301 soricem
594 4266 652 4302 esse
664 4249 763 4316 generis
775 4247 907 4299 masculini
916 4249 1042 4299 Pithoeus
1121 4249 1180 4311 25,4
1197 4251 1285 4312 posset
1295 4245 1407 4298 netem-

339 4317 447 4367 tostus:
463 4318 545 4384 possit
613 4321 671 4383 26,2
690 4316 816 4384 quondam
834 4315 974 4366 Heinsius.-
992 4313 1101 4382 quodam
