3409 5175
1424 610 1831 665 PEROT'I'INAE
2619 620 2701 683 65

642 786 901 864 arguitur
942 783 1128 860 mileS‚
1175 783 1398 861 rapitur
1437 782 1498 843 in
1544 782 1915 862 praeterium.

641 880 766 933 tum
808 870 1087 948 Magnus:
1136 868 1315 946 “quid
1328 866 1388 927 ?”
1433 867 1513 927 ait
1556 871 1738 927 “tune
1783 884 1911 943 me,
1956 868 2294 945 commilito,

641 954 887 1034 spoliare
933 971 997 1013 es
1039 950 1285 1014 ausus?”
1328 950 1427 1012 ille
1468 952 1748 1014 continuo
1793 956 2052 1013 exscreat

640 1039 748 1101 sibi
791 1043 855 1099 in
898 1036 1192 1098 sinistram
1236 1043 1295 1097 et
1336 1040 1573 1115 sputum
1616 1035 1808 1113 digitis
1851 1036 2119 1115 dissipat:
2647 1046 2706 1097 10

639 1123 785 1197 “sie‚
829 1126 1164 1200 imperator,
1209 1120 1361 1181 eeuli
1405 1119 1768 1183 extillesoant
1810 1120 1942 1196 mei,

640 1207 688 1268 si
727 1205 843 1266 v'idi
888 1215 987 1267 aut
1029 1204 1245 1283 tetigi.'’
1328 1209 1457 1266 tum
1500 1206 1583 1267 vir
1623 1204 1804 1265 animi
1845 1204 2126 1283 simplicis

642 1291 701 1351 id
745 1291 1001 1351 dedecus
1044 1295 1366 1351 castrorum
1408 1288 1659 1369 propelli
1704 1279 1881 1351 iubet.

638 1376 813 1436 breve
840 1378 1088 1453 ,tempus
1128 1374 1456 1436 intercessit
1496 1382 1556 1436 et
1597 1374 1786 1434 fidens
1828 1391 2009 1434 manu
2649 1384 2706 1433 15

639 1478 827 1520 unum
869 1462 902 1518 e
946 1459 1226 1519 Romanis
1267 1457 1617 1537 provocabat
1656 1458 1956 1519 barbarus,

641 1544 748 1605 sibi
790 1547 1034 1623 quisque
1077 1542 1302 1617 metuit,
1345 1541 1518 1620 primi
1558 1546 1873 1603 mussitent
1915 1542 2110 1601 duces·

642 1628 879 1689 tandem
923 1626 1200 1687 cinaedus
1241 1625 1460 1701 bethim,
1505 1625 1609 1686 sed
1638 1625 1790 1686 Mars
1834 1624 2068 1699 viribus,

640 1711 761 1772 adit
804 1711 1106 1772 sedentem
1148 1716 1256 1789 pre
1304 1710 1578 1771 tribunali
1622 1710 1851 1785 ducem,

642 1806 694 1857 et
736 1801 875 1857 voce
918 1794 1108 1856 molli:
1156 1792 1409 1875 “liet’‘tY'
1455 1795 1748 1857 enimvero
1794 1791 1900 1854 eici
2643 1803 2707 1856 20

640 1881 824 1943 virum
866 1885 932 1940 ut
974 1878 1036 1940 in
1080 1898 1145 1940 re
1189 1880 1371 1942 atroci
1413 1880 1659 1957 Magnus
1702 1877 2077 1939 stomachans
2123 1878 2372 1957 imperat

640 1982 752 2024 nec
782 1964 990 2025 cedere
1033 1962 1096 2024 in
1136 1962 1302 2024 illum
1345 1963 1528 2024 eredit
1560 1972 1780 2024 tantam
1823 1962 2141 2024 audaciam.
2648 1972 2706 2022 14

528 2122 535 2126 ι
640 2058 763 2109 tum
806 2048 1045 2125 quidam
1088 2046 1283 2108 senior
1324 2052 1392 2107 ex
1438 2047 1636 2108 amicis
1677 2046 1990 2125 principis:

638 2134 839 2192 “hunc
883 2136 992 2209 ego
1037 2131 1319 2192 committi
1361 2131 1541 2192 setius
1586 2132 1878 2192 Fortunae
1923 2130 2186 2201 arbitror,

639 2214 700 2277 in
746 2222 859 2294 que
904 2217 1124 2277 iactura
1168 2216 1307 2276 levis
1353 2226 1459 2291 est,
1505 2233 1678 2294 quam
1723 2215 1934 2276 fortem
1975 2215 2179 2289 virum,

640 2300 738 2379 qui
780 2305 918 2361 cesu
962 2300 1143 2360 victus
1185 2299 1525 2362 temeritatis
1554 2310 1611 2361 te
1657 2299 1913 2376 arguat?
2645 2306 2706 2358 25

640 2385 885 2445 assensit
924 2384 1170 2462 Magnus
1214 2387 1274 2445 et
1313 2383 1578 2463 permisit
1619 2382 1788 2444 militi
2808 2397 2810 2400 ’

636 2468 873 2548 prodire
917 2478 1152 2544 eontra3
1199 2472 1299 2547 qui
1342 2468 1589 2530 mirante
1632 2467 1907 2543 exercitu,

640 2554 793 2616 dicte
840 2553 1086 2616 celerius
1127 2554 1310 2615 hestis‘
1354 2552 1600 2614 abscidit
1642 2560 1819 2631 caput

637 2640 931 2718 victorque
974 2639 1160 2700 rediit.
1250 2641 1341 2700 his
1384 2647 1527 2700 tunc
1567 2638 1882 2717 Pompeius
1927 2653 2134 2714 super:

642 2725 679 2753 “
697 2727 935 2797 eorem,
993 2723 1177 2800 mileS‚
1223 2722 1491 2802 equidem
1536 2731 1593 2783 te
1639 2722 1796 2782 done
1841 2720 2050 2796 libens,
2643 2727 2706 2778 30

641 2805 795 2885 quod
841 2806 1142 2866 vindicasti
1184 2806 1417 2867 laudem
1462 2807 1711 2866 Romani
1754 2804 1995 2883 imperi;

641 2889 744 2950 sed
787 2889 1150 2951 extilleseant
1191 2890 1343 2950 eculi
1386 2889 1498 2952 sie''
1544 2889 1737 2968 inquit
1780 2888 1968 2948 “mei'’

643 2984 810 3052 turpe
853 2973 996 3034 illud
1039 2973 1276 3034 imitans
1318 2975 1410 3034 iiis
1450 2971 1764 3034 iurandum
1807 2971 2005 3033 militis

644 3057 793 3118 “nisi
834 3070 900 3119 tu
944 3057 1225 3119 abstulisti
1256 3057 1514 3119 sarcinas
1559 3062 1748 3135 nuper
1778 3055 1991 3117 meaS.”

1277 3237 1533 3291 FABULA
1567 3237 1701 3290 vnn
1738 3241 1824 3302 (10
1865 3238 1974 3299 Or.)

1035 3341 1255 3403 IUNO
1315 3342 1607 3405 VENUS
1662 3342 1776 3402 ΕΤ
1835 3340 2226 3402 GALLINA

1185 3473 1279 3523 De
1324 3473 1693 3523 mulierum
1743 3472 2063 3524 libidine.

729 3575 872 3638 Cum
917 3574 1241 3637 castitatem
1284 3576 1433 3637 Iuno
1463 3574 1727 3637 laudaret
1770 3592 1934 3636 suam

639 3660 1012 3722 iucunditatis
1055 3664 1259 3721 ansam
1300 3663 1560 3737 repperit
1600 3661 1815 3736 Venus,

641 3745 978 3823 nullamque
1021 3753 1089 3805 ut
1131 3745 1448 3805 affirmaret
1491 3763 1617 3805 esse
1660 3744 1748 3804 illi
1789 3761 2009 3822 parem,

640 3830 1029 3905 interrogasse
1072 3830 1157 3891 sic
1202 3828 1475 3908 gallinam
1519 3829 1765 3891 dicitur:

694 3995 776 4058 8,8
812 3994 880 4046 ait
914 3995 1169 4045 Botkius:
1204 3995 1278 4045 ais
1423 3998 1486 4048 14
1523 4000 1689 4048 reieci
1715 4001 1844 4063 post
1875 3997 1936 4048 21
2096 3996 2155 4048 15
2191 3993 2355 4048 fidens
2390 4008 2543 4046 manu
2581 3993 2704 4046 Cas·

562 4065 753 4113 sium.-
787 4076 940 4113 manu
973 4060 1135 4112 fidens
1321 4065 1384 4115 16
1422 4078 1451 4115 e
1489 4064 1750 4118 Orellius:
1786 4064 1850 4116 de
1885 4063 1951 4129 V,
1988 4063 2108 4125 (lae.
2143 4065 2202 4113 in
2235 4065 2296 4124 Ρ)
2471 4065 2529 4114 17
2568 4077 2705 4114 mus-

568 4131 827 4181 Orellius:
862 4131 1092 4180 mussant
1236 4130 1303 4180 28
1336 4130 1500 4182 hostis
1534 4132 1822 4184 lunellius:
1853 4131 1990 4183 hosti
2127 4133 2194 4183 29
2228 4128 2373 4182 rediit
2409 4130 2700 4182 lunellius:

565 4196 692 4250 redit
777 4199 844 4249 30
860 4196 1004 4248 miles
1023 4196 1318 4248 Ianellim:
1352 4198 1523 4250 militis
1609 4201 1671 4251 31
1694 4199 1868 4265 imperi
1885 4199 2173 4249 Iunonius:
2207 4197 2401 4264 imperii
2498 4200 2578 4262 9,1
2618 4197 2703 4248 ad-

569 4278 748 4316 uersus
781 4264 1017 4316 mulieres
1052 4267 1214 4317 inser.
1262 4268 1323 4316 in
1359 4263 1415 4317 V
1610 4267 1643 4317 2
1680 4281 1854 4318 ansam
1889 4281 1942 4318 re
1978 4265 2106 4332 perit
2153 4266 2430 4332 Hauptim‘
2461 4265 2707 4330 (Hermae

567 4328 608 4382 ΙΙ
643 4333 721 4393 8):
771 4346 974 4384 eausam
1025 4345 1127 4384 non
1163 4332 1357 4399 repellit
1402 4333 1461 4397 Ρ,
1510 4347 1660 4385 causa
1695 4347 1800 4385 non
1834 4347 1952 4400 repe
1990 4333 2026 4385 it
2063 4332 2120 4384 V

587 4460 597 4468 .
655 4429 887 4474 Phaedrus.
2259 4419 2289 4470 5
