3409 5175
381 612 422 677 68
842 600 990 654 sennenn

424 776 557 856 videtque
578 785 604 837 et
626 791 742 851 aegram
764 783 793 834 et
813 772 887 833 licie
909 773 1032 851 pnlebra
1052 772 1200 837 seminam.

426 864 578 940 correptus
600 856 715 919 animus
736 856 803 919 llieo
824 855 1012 919 succenditur

425 954 454 1006 et
475 944 569 1005 dritur
590 942 698 1005 sendm
719 943 868 1022 impotens
889 940 1036 1019 cupidine.

381 1039 412 1090 20
425 1028 528 1090 sollers
548 1045 672 1089 acumen
693 1026 773 1088 mllle
795 1044 897 1089 causas
919 1026 1039 1101 invenit,

424 1131 478 1192 per
498 1115 570 1193 quis
590 1112 686 1173 videre
708 1110 809 1190 pdsset
829 1108 909 1172 illam
929 1110 1052 1189 saepius.

425 1196 570 1259 cotidiana
594 1200 678 1277 capta
700 1195 911 1257 eonsuetddine

424 1281 576 1360 paullatim
596 1281 671 1341 laeta
693 1288 738 1340 est
759 1279 886 1341 advenae
908 1279 1102 1355 summissi0r3

423 1384 492 1426 mox
513 1365 619 1426 artiore
639 1362 731 1423 vinxit
753 1363 883 1425 animum
905 1363 1018 1443 edpula.

380 1460 412 1510 25
426 1450 473 1510 bie
495 1448 565 1509 dnm
586 1447 732 1509 eonsumit
753 1448 856 1510 rietes
877 1456 976 1509 eustos
998 1444 1121 1526 diligens

424 1532 620 1594 desideratum
641 1540 685 1594 est
707 1536 812 1611 edrpus
834 1550 870 1595 ex
890 1532 950 1593 una
972 1550 1068 1593 eruce.

424 1617 557 1679 turbatus
577 1615 662 1679 miles
682 1617 792 1679 laetum
814 1616 932 1695 exponit
952 1615 1075 1679 mdlieri.

424 1710 454 1763 at
476 1706 577 1763 saneta
599 1701 718 1763 mulier:
742 1703 822 1762 ‘lndn
845 1701 988 1780 estquod
1010 1695 1134 1763 timeds''
1158 1698 1197 1761 ait

422 1786 534 1867 virique
555 1804 661 1865 eorpus
683 1784 768 1847 tradit
788 1784 940 1863 ligendrim
961 1784 1050 1861 eruci,

382 1880 413 1930 30
427 1890 465 1932 ne
487 1870 590 1932 sribeat
610 1869 658 1931 ille
680 1873 791 1948 poenas
812 1868 1023 1947 neglegentiae.

423 1954 464 2016 sie
486 1954 635 2033 tbrpitudo
657 1953 750 2015 landis
770 1952 885 2015 obsedit
905 1954 1012 2015 locum.

743 2116 870 2169 renone
887 2117 954 2170 xnn
972 2120 1014 2183 (15
1035 2117 1090 2185 or.)

522 2219 600 2282 DUO
624 2220 783 2283 IUVENES
805 2221 938 2283 SPONSI
961 2220 1070 2284 lllVES
1087 2221 1139 2283 *ET
1160 2218 1305 2283 PAUPER

488 2336 639 2387 Fortunam
656 2336 792 2388 interdum
806 2342 917 2403 praetor
933 2352 1006 2403 sporn
1024 2341 1105 2401 atquo
1121 2336 1343 2403 exspectationem

784 2422 935 2473 bominibus
951 2421 1051 2482 sonere.

466 2520 561 2583 Unam
582 2522 764 2602 expetebant.
777 2522 920 2602 virginem
942 2523 1060 2584 iuvenes
1082 2522 1156 2599 duo;

423 2606 491 2667 violt
511 2605 642 2686 locuples
663 2613 758 2686 genus
778 2617 808 2668 et
828 2608 953 2668 sormam
973 2607 1120 2688 padperis.

422 2699 454 2752 ut
476 2692 643 2769 ndptiarum
666 2691 761 2753 dictus
781 2689 899 2752 advenit
920 2691 991 2768 dies,

422 2779 525 2836 amans
547 2775 678 2837 dolorem
700 2780 766 2857 qula
788 2794 848 2837 non
863 2782 977 2854 poterat
997 2777 1119 2857 perpeti,

393 2863 557 2920 bmaerens
577 2860 758 2940 propinquos
779 2860 902 2922 eontulit
923 2879 955 2921 se
976 2863 1007 2922 in
1023 2861 1169 2938 hortulos,

422 2961 496 3021 quos
516 2942 591 3004 dltra
614 2944 713 3023 paullo
734 2944 802 3006 villa
824 2943 977 3022 splendida
1001 2946 1096 3008 divitie

421 3035 484 3086 erat
504 3026 660 3106 deceptura
680 3028 820 3106 virginem
842 3047 860 3089 e
882 3032 983 3092 matris
1004 3031 1080 3105 sinu,

421 3128 526 3188 parum
547 3112 643 3190 ampla
665 3113 696 3174 in
718 3112 790 3174 urbe
812 3114 874 3174 visa
896 3114 975 3194 quod
995 3115 1090 3177 luerat
1112 3113 1225 3176 domus.

420 3210 527 3273 pompa
549 3195 716 3272 explicatur,
737 3197 824 3257 tdrba
836 3200 996 3260 eoneurrst
1015 3201 1162 3280 frequens,

380 3287 409 3338 10
422 3285 452 3338 et
473 3277 657 3357 coniugalem
678 3280 804 3360 praefert
825 3281 1011 3359 Hymenaeds
1031 3285 1133 3346 sanem.

421 3361 527 3424 asellus
548 3373 655 3440 autem,
678 3365 728 3443 qui
751 3364 863 3427 solebat
884 3368 1005 3447 padperi

422 3447 718 3525 quaestinonem,
741 3447 836 3511 stabat
857 3459 959 3528 portae
980 3453 1011 3513 in
1033 3452 1142 3516 limine.

420 3530 503 3591 illdm
524 3531 638 3611 puellae
662 3538 732 3594 casn
754 3534 925 3596 eonduodnt
946 3537 999 3612 sui,

420 3616 480 3675 n‘ae
501 3614 616 3678 labores
640 3621 756 3679 tdneros
778 3636 817 3679 ne
838 3618 957 3682 laeddnt
977 3620 1076 3699 pedes.

379 3708 408 3757 15
422 3701 543 3776 repente
565 3701 678 3764 caelum
700 3703 821 3763 Veneris
840 3703 1039 3766 misericordia

418 3785 513 3843 ventis
533 3793 673 3860 movetur,
695 3790 810 3849 intonat
831 3789 935 3850 mundi
956 3788 1054 3869 fragor

420 3870 594 3948 noctemque
617 3869 716 3931 densis
736 3870 883 3932 horridam
906 3873 1013 3936 nimbis
1034 3881 1135 3953 parat:

447 4050 519 4113 tant
531 4052 558 4127 et
567 4049 631 4102 odd.
641 4049 805 4105 Luedluell.
842 4055 1076 4109 testatissima:
1088 4055 1397 4126 oriturqueeorreptus-
1406 4051 1452 4102 im-

380 4115 601 4194 poteneenprdine
614 4117 785 4171 boe.llluoll.:
805 4127 937 4188 connptns
947 4123 1171 4192 —inrpudaa--n
1187 4139 1219 4176 on
1236 4121 1353 4190 idas-P,
1371 4125 1451 4192 impu-

377 4181 460 4260 dentis
476 4182 598 4259 enprditss
616 4184 645 4236 V
707 4187 737 4238 21
757 4185 924 4241 illenim:
948 4195 1094 4254 anatur,
1112 4192 1180 4244 uiam
1292 4194 1348 4257 teo
1366 4192 1451 4260 splen·

378 4247 435 4298 dida
453 4246 535 4300 divitis
551 4251 699 4304 lomellina.-
717 4252 776 4305 ditis
794 4254 926 4322 splendide
943 4259 972 4319 P,
990 4257 1114 4326 splendidi
1132 4257 1255 4312 diuitisV
1294 4262 1325 4312 10
1342 4259 1451 4326 praefert

379 4313 565 4369 Burmannus:
582 4319 684 4387 praebet
737 4323 769 4374 12
780 4321 877 4375 deterre
890 4322 1032 4378 Constituis:
1051 4327 1115 4380 serre
1169 4329 1200 4380 13
1211 4325 1371 4394 suiseripst:
1389 4343 1451 4381 suae
