3409 5175
707 598 804 651 LlBllll
820 600 854 652 lli

288 776 480 849 sanctamque
501 787 622 830 uxorem
644 769 836 834 dormientem
860 772 1003 851 cubiculo,
1038 834 1040 837 .
1084 826 1085 830 ,
1135 774 1137 777 ’

289 859 384 933 sopita
406 854 499 934 primo
522 859 595 934 quae
617 856 659 915 nil
682 875 785 917 somno
808 861 956 934 senserat3

288 939 516 1020 repraesentavit
538 944 569 999 in
591 959 622 1000 se
644 957 769 1018 poenam
792 942 929 1003 facinoris

288 1032 317 1085 et
339 1026 417 1085 ierro
438 1022 580 1100 incubuit,
604 1026 680 1103 qued
704 1026 860 1088 credulitas
882 1031 1045 1091 strinxerat.

288 1112 474 1170 accusatores
495 1107 679 1187 postularunt
701 1112 853 1172 muilierem

287 1194 471 1275 Romamque
491 1197 698 1272 pertraxerunt
719 1196 753 1256 ad
777 1196 981 1258 centnmviros.

287 1278 415 1356 maligna
437 1279 584 1339 insontem
606 1280 741 1359 deprimit
762 1281 893 1360 suspitio,

288 1365 365 1442 quod
387 1364 464 1424 bena
487 1363 641 1441 possideat.
664 1370 743 1427 stent
764 1366 881 1444 patroni
902 1366 1014 1428 lertiter

289 1454 406 1509 causam
428 1456 546 1509 tuentes
568 1450 734 1511 innocentis
755 1451 890 1511 feminae,

329 1536 353 1594 Α
375 1533 440 1593 divo
463 1532 591 1609 dirgusto
613 1539 685 1594 tdnc
706 1536 816 1612 petiere
838 1535 957 1610 iudices,

287 1626 320 1679 ut
343 1616 580 1678 adiuvaret-iuris
601 1618 716 1679 iurandi
738 1618 835 1694 iidem,

287 1703 365 1783 quod
388 1706 469 1781 ipsos
492 1720 574 1763 error
595 1703 785 1779 implicuisset
806 1702 955 1782 criminis„

287 1788 336 1866 qui
359 1792 514 1865 pestquam
536 1787 672 1848 tenebras
693 1787 813 1865 dispulit
833 1788 996 1849 calumniae

287 1876 458 1950 certamque
479 1872 591 1932 iontem
612 1872 738 1934 veritatis
759 1874 903 1951 repperit:

289 1956 386 2017 “luat''
409 1956 503 2035 inquit
525 1959 657 2035 “poenas
677 1962 765 2017 carisa
787 1957 908 2018 libertus
928 1956 1014 2031 mali;

284 2059 413 2118 namque
434 2040 534 2100 erbam
556 2049 626 2101 nato
649 2042 737 2101 simul
755 2051 799 2103 ·et
823 2042 966 2121 privatam
987 2041 1051 2102 viro

286 2125 482 2186 miserandam
503 2126 709 2204 potiusquam
730 2126 926 2187 damnandam
948 2126 1090 2188 existimo.

288 2210 365 2289 quod
388 2214 413 2270 si
435 2208 530 2270 delata
551 2214 750 2287 perscrutatus
773 2210 894 2283 crimina

285 2294 491 2372 paterfamilias
513 2297 598 2369 esset,
621 2294 645 2354 si
667 2296 854 2357 mendacium

287 2378 432 2440 subtiliter
453 2378 590 2455 limesset,
614 2397 629 2438 a
652 2380 798 2440 radicibus

286 2482 347 2523 non
371 2464 520 2524 evertisset
541 2464 651 2524 scelere
673 2466 790 2525 luneste
812 2460 959 2525 domum.'’

327 2548 375 2610 Nil
396 2552 516 2626 spernat
537 2550 614 2611 auris
636 2553 692 2611 nec
714 2558 812 2612 tamen
835 2548 936 2610 credat
957 2547 1061 2610 statim.

286 2634 521 2713 qnandoquidem
545 2646 574 2695 et
595 2635 636 2696 illi
657 2640 791 2714 peccant,
814 2653 887 2713 quos
909 2633 1028 2694 minime
1050 2641 1134 2711 putes

287 2729 317 2779 et
338 2723 388 2798 qni
410 2739 471 2779 uon
493 2729 626 2797 peccant,
650 2725 860 2799 impugnantur
881 2717 1040 2780 iraddibus.

329 2804 393 2871 Hoc
415 2805 573 2864 admonere
595 2805 744 2884 simplices
765 2805 853 2866 ctiam
874 2811 980 2882 potest,

286 2889 425 2965 opinione
447 2888 566 2950 alterius
587 2908 626 2949 ne
648 2891 716 2968 quid
737 2889 918 2968 penderent:

286 2973 404 3033 ambitio
427 2992 554 3053 namque
576 2973 721 3034 dissidens
741 2972 907 3035 mortalium

286 3067 336 3118 aut
358 3056 467 3134 gratiae
489 3057 646 3120 subscribit
667 3067 717 3119 aut
738 3058 806 3118 odie
827 3075 890 3117 suo.

287 3141 342 3202 erit
363 3141 413 3201 ille
436 3149 532 3217 notus,
555 3146 642 3221 quem
663 3162 717 3223 per
737 3152 767 3204 tc
789 3141 968 3218 cogneveris,

329 3225 409 3286 llaec
431 3230 584 3288 exsecutus
606 3232 670 3292 stim
693 3237 848 3307 propterca
871 3225 1013 3305 pluribus

285 3308 426 3372 brevitate
448 3312 536 3372 nimia
558 3312 696 3391 queniam
718 3312 860 3392 quosdam
883 3309 1065 3372 oliendimus.

693 3551 821 3604 aarum
838 3551 871 3604 ill

481 3670 727 3734 EUNUCHUS
754 3672 809 3733 Ab
839 3670 1081 3734 IMPROBUM

327 3826 488 3912 Eundchus
509 3829 640 3907 litigabat
662 3850 729 3893 cum
752 3830 879 3910 quodam
900 3830 1041 3909 improbo,

285 3913 335 3992 qui
357 3918 445 3990 super
467 3913 595 3975 obscena
618 3917 694 3977 dicta
717 3926 747 3978 et
768 3916 905 3996 petulans
926 3917 1051 3994 iurgium

285 3999 427 4060 damnum
448 4001 609 4061 insectatus
631 4005 675 4062 est
697 4002 793 4062 amissi
816 4001 954 4080 corporis.

309 4201 340 4250 31
361 4198 395 4249 nil
413 4200 581 4249 Peucetiam:
600 4196 661 4249 nihii
712 4201 745 4251 42
763 4199 866 4266 dispulit
883 4200 1022 4251 Pithoeus:
1039 4197 1138 4249 distulit
1187 4204 1219 4253 47
1239 4199 1319 4253 delate

236 4267 414 4317 Bennannca
432 4283 467 4316 aa
484 4266 637 4316 Per-otiien:
655 4265 794 4319 danmando
856 4271 888 4320 48
907 4265 1259 4332 paterfamiliasl’crotttnus:
1276 4283 1320 4335 pa·

235 4334 388 4386 leriamiliac
462 4337 494 4386 51
513 4334 549 4384 nil
566 4334 735 4385 Perottinus:
753 4335 813 4386 nihil
891 4336 947 4400 113
967 4333 1007 4402 qui
1025 4334 1194 4388 Perottinur:
1210 4337 1251 4388 cui

292 4433 409 4503 numurus.
469 4455 472 4459 -
1057 4478 1062 4488 ¹
1097 4421 1112 4472 3
