3409 5175
748 534 828 595 58
1473 527 1754 579 Peaeum
1790 527 2185 579 rAssULARUM

836 710 894 762 et
939 700 1127 763 excuti
1168 699 1453 760 iuberent.
1547 718 1661 779 quo
1705 700 1857 760 facte
1912 699 2083 761 simul

750 796 811 847 20
843 785 986 846 nihil
1030 789 1117 845 est
1160 793 1486 863 repertum:
1534 783 1732 845 multis
1776 792 2021 845 onerant
2067 783 2333 845 laudibus

838 869 1253 948 hominemque
1295 868 1505 947 plausu
1548 873 1936 946 prosecuntur
1977 869 2245 930 maximo.

839 957 951 1016 hoc
995 954 1132 1016 vidit
1175 954 1299 1015 lieri
1342 954 1609 1015 rusticus,
1674 956 1853 1014 “non
1899 972 1994 1013 me
2041 954 2285 1016 Hercule

840 1058 935 1101 me
978 1040 1214 1101 vincet”
1258 1038 1451 1119 inquit
1493 1042 1552 1099 et
1593 1040 1790 1100 statim
1832 1040 2126 1116 professus
2171 1051 2257 1099 est

840 1125 994 1185 idem
1038 1108 1327 1186 iacturum
1371 1123 1577 1184 melius
1621 1143 1683 1183 se
1727 1124 2024 1202 postridie.

753 1219 816 1271 25
847 1212 911 1270 fit
958 1209 1124 1271 turba
1168 1209 1386 1283 maior3
1433 1208 1549 1268 iam
1592 1209 1752 1269 favor
1794 1213 2022 1268 mentes
2069 1216 2227 1269 tenet

841 1302 900 1355 et
943 1293 1256 1368 derisuruS‚
1302 1298 1423 1353 non
1470 1296 1854 1370 spectaturuS‚
1901 1293 2046 1353 silet.

840 1382 1083 1458 uterque
1127 1377 1337 1455 prodit.
1424 1381 1621 1438 scurra
1668 1376 1987 1455 degrunnit
2029 1378 2185 1455 prior

840 1467 1144 1541 movetque
1190 1462 1431 1539 plausus
1474 1466 1533 1523 et
1576 1462 1860 1522 clamores
1900 1462 2151 1522 suscitat.

840 1554 981 1608 tunc
1024 1548 1308 1608 simulans
1351 1566 1478 1609 sese
1522 1546 1879 1608 vestimentis
1908 1547 2158 1625 rusticus

749 1639 815 1693 30
843 1632 1165 1711 porcellum
1212 1632 1507 1709 obtegere,
1550 1666 1637 1676 —
1680 1632 1834 1710 quod
1881 1632 2124 1691 faciebat
2165 1631 2385 1692 scilicet

841 1718 964 1789 sed,
1010 1721 1073 1790 in
1116 1716 1310 1795 priore
1355 1721 1490 1795 quia
1536 1716 1616 1776 nil
1661 1721 2088 1793 compererant,
2133 1715 2429 1777 latena—

840 1801 1100 1881 pervellit
1143 1818 1343 1861 aurem
1385 1804 1538 1876 vero,
1584 1818 1761 1879 quem
1799 1800 2100 1876 celaverat,

842 1896 899 1946 et
944 1890 1077 1945 cum
1123 1885 1325 1946 dolore
1370 1890 1569 1946 vocem
1613 1893 1856 1947 naturae
1889 1884 2185 1965 exprimit:

840 1970 1127 2031 adclamat
1167 1970 1418 2049 populus
1462 1975 1722 2031 scurram
1766 1970 1949 2032 multo
1993 1970 2234 2030 s1milius

748 2065 812 2117 35
844 2054 1148 2130 imitatum,
1195 2064 1254 2117 et
1297 2056 1451 2131 cogit
1493 2058 1774 2117 rusticum
1816 2055 1973 2116 trudi
2017 2056 2186 2115 foras,

840 2150 899 2201 at
942 2140 1037 2200 ille
1081 2142 1305 2217 profert
1345 2144 1538 2218 ipsum
1581 2139 1905 2219 porcellum
1949 2144 1981 2199 e
2025 2139 2156 2200 sinu

838 2228 1183 2303 turpemque
1229 2233 1430 2303 aperto
1474 2228 1720 2303 pignore
1766 2228 2024 2285 errorem
2067 2223 2349 2303 probans:

840 2313 958 2370 “en
1004 2310 1101 2371 hic
1146 2308 1401 2371 declarat
1446 2311 1647 2388 quales
1691 2310 1814 2372 sitis
1857 2309 2156 2374 iudices!'’

1383 2458 1635 2511 FABULA
1671 2460 1735 2511 Vl
1769 2460 1969 2511 Dressl.
2009 2459 2111 2521 (Vll
2151 2458 2257 2519 ΟΜ

1012 2564 1327 2626 CALVUS
1371 2565 1480 2626 ET
1526 2562 1853 2637 QUIDAM
1897 2563 2135 2624 PILIS
2180 2562 2657 2624 DEFECTUS

925 2667 1152 2727 Invenit
1195 2667 1390 2727 calvus
1432 2667 1577 2726 forte
1621 2667 1680 2726 in
1729 2665 1889 2727 trivio
1934 2665 2245 2743 pectinem.

838 2751 1082 2814 accessit
1126 2751 1269 2812 alter
1313 2755 1496 2830 aeque
1542 2751 1804 2812 defectus
1847 2751 1993 2829 pilis,

840 2836 1102 2898 “heia1”
1148 2836 1336 2916 inquit
1382 2839 1485 2897 “in
1528 2841 1842 2896 commune
1886 2835 2289 2914 quodcumque
2337 2844 2421 2896 est
2469 2834 2665 2896 Μῦν-Εἰ*

838 2921 1092 2983 ostendit
1134 2920 1229 2982 ille
1272 2921 1547 2998 praedam
1594 2929 1652 2982 et
1695 2921 1904 2983 adiecit
1945 2919 2148 2995 simul:

776 3017 810 3066 5
840 3009 1171 3084 “superum
1214 3005 1481 3067 voluntas
1524 3006 1659 3067 savit
1702 3007 1806 3067 sed
1851 3006 1967 3066 sato
2013 3003 2205 3064 invido

839 3091 1171 3164 carbonem,
1220 3098 1281 3151 ut
1326 3091 1505 3165 aiunt,
1550 3095 1657 3168 pre
1705 3091 1973 3151 thesauro
2017 3087 2393 3149 invenimua.⁵'

925 3176 1111 3246 Quem
1157 3177 1291 3252 spes
1336 3173 1545 3234 delusit
1587 3175 1724 3234 huic
1769 3174 2039 3253 querelae
2085 3176 2369 3235 convenit.

1543 3338 1800 3391 FABULA
1832 3339 1919 3392 vu
1957 3339 2101 3404 (viu)

1390 3444 1836 3505 PRINCEPS
1889 3443 2257 3506 ΤΙΒΙΟΕΫίτ

922 3544 1030 3606 Ubi
1073 3543 1254 3606 vanus
1299 3545 1527 3605 animus
1571 3551 1710 3606 aura
1748 3557 1954 3624 captus
1981 3545 2179 3606 frivola

835 3628 1086 3705 adripuit
1130 3628 1480 3691 insolentem
1524 3629 1631 3691 sibi
1674 3631 1966 3704 fiduciam,

835 3712 1001 3773 facile
1045 3713 1117 3772 ad
1162 3713 1418 3775 derisum
1460 3714 1633 3775 stulta
1679 3715 1880 3776 levitas
1921 3715 2165 3776 ducitur.

888 3852 953 3901 20
989 3847 1221 3898 laudibus
1256 3847 1593 3898 Perottinus:
1627 3847 1854 3899 lancibus
1960 3851 2025 3900 26
2062 3851 2112 3898 et
2147 3847 2401 3898 derisurus
2445 3864 2545 3900 nnn
2585 3852 2902 3912 spectaturus·

748 3917 867 3968 silet
888 3915 1146 3967 Orellius:
1183 3918 1234 3966 et
1268 3914 1520 3966 derisui-os
1555 3930 1656 3966 non
1694 3919 2070 3980 exspectaturos
2096 3915 2162 3966 sit
2184 3919 2234 3965 et
2337 3918 2397 3968 Ξῖ
2429 3916 2694 3980 degrunnit
2718 3916 2902 3964 Pas-oe-

752 3987 925 4034 tinus:
962 3982 1217 4049 digrunnit
1350 3985 1415 4035 29
1450 3982 1667 4034 rusticus
1702 3983 2037 4034 Perottz‘uus:
2072 3982 2269 4033 rusticis
2409 3984 2469 4036 31
2513 3984 2581 4032 nil
2621 3984 2906 4032 Pfumfflss:

750 4051 872 4102 nibil
895 4051 913 4120 ΙΙ
943 4054 1285 4116 compererant
1301 4049 1601 4115 Rigalcius:
1626 4055 1939 4116 compererat
2031 4053 2097 4103 34
2122 4066 2342 4103 scurram
2369 4052 2702 4100 Perusinum:
2730 4064 2902 4100 emin-a

750 4121 815 4173 36
855 4121 1041 4186 profert
1073 4121 1405 4170 Per-ollium.-
1454 4117 1669 4184 proferet
1696 4118 1714 4182 ΙΙ
1740 4134 1767 4169 e
1803 4119 1915 4169 sinu
1952 4119 2232 4169 Pe'lhoeus:
2269 4136 2297 4168 e
2333 4120 2445 4168 sinn
2569 4120 2649 4172 ΕΒ
2690 4120 2734 4168 in
2778 4120 2906 4168 sitifi.

755 4186 959 4238 Gudius
1096 4191 1124 4238 7
1165 4185 1476 4238 PRINCEPS
1512 4184 1770 4237 TlBlCEN
1806 4185 2175 4250 Bongarsz'us:
2207 4184 2465 4236 Puussax
2505 4184 2758 4236 'l'fflfflEH

749 4257 831 4318 7‚2
870 4255 1083 4322 adripuit
1116 4253 1418 4321 stig-altius:
1454 4253 1669 4319 abripuit
1819 4256 1848 4306 3
1887 4259 2011 4305 ante
2048 4255 2196 4306 stulta
2236 4256 2337 4304 del..
2373 4260 2421 4304 et
2461 4256 2710 4304 Piraeeus
