3409 5175
722 518 803 579 56
1446 509 1730 564 PHAEDRI
1777 509 2169 561 FABULARUM

1629 814 1885 867 FABULA
1920 815 1963 870 11

1322 917 1778 982 VIATORES
1835 918 1943 979 ET
1985 916 2287 979 LATRO

895 1072 1023 1132 Duo
1070 1088 1202 1134 cum
1246 1069 1590 1132 incidissent
1633 1074 1695 1130 in
1741 1069 2030 1131 latronem
2074 1070 2308 1147 militeS‚

809 1160 965 1219 unus
1009 1153 1282 1236 profugit,
1338 1156 1485 1217 alter
1526 1164 1721 1216 autem
1765 1153 1978 1216 restitit
2305 1175 2311 1178 ⁷

812 1250 872 1302 et
911 1241 1220 1302 vindicavit
1264 1242 1391 1301 sase
1433 1240 1567 1301 forti
1598 1241 1852 1301 dextera.

809 1326 1037 1388 latrone
1081 1323 1272 1387 occiso
1321 1324 1555 1385 timidus
1599 1329 1851 1385 accurrit
1893 1342 2090 1385 comes

754 1422 783 1472 5
812 1410 1165 1491 stringitque
1210 1408 1485 1488 gladium,
1531 1409 1668 1470 dein
1713 1410 1929 1470 reiecta
1970 1407 2252 1487 paenula:

813 1495 1012 1556 “cedo
1028 1494 1059 1518 ’'
1104 1494 1293 1574 inquit
1339 1496 1376 1525 ‘⁴
1394 1493 1589 1556 illum:
1634 1493 1752 1556 iam
1797 1493 2012 1555 curabo
2059 1493 2270 1556 sentiat

813 1598 961 1661 quos
1004 1578 1427 1658 adtemptarit.”
1520 1584 1659 1641 tunc
1704 1577 1800 1657 qui
1846 1578 2307 1657 depugnaverat:

813 1664 1068 1726 “vellem
1112 1664 1239 1725 istis
1280 1664 1469 1725 verbis
1511 1665 1716 1725 saltem
1763 1662 2074 1724 adiuvisses
2116 1664 2322 1739 modo;

810 1748 1173 1811 constantior
1214 1750 1453 1809 fuissem
1498 1766 1627 1809 vera
1675 1747 2031 1810 existimans

730 1844 786 1893 10
816 1852 975 1895 nunc
1019 1832 1208 1895 conde
1252 1834 1471 1894 ferrum
1517 1839 1577 1893 et
1618 1831 1881 1911 linguam
1924 1833 2140 1911 pariter
2183 1831 2425 1907 futilem„

811 1926 877 1981 ut
917 1917 1105 1998 possis
1149 1916 1291 1979 alios
1336 1922 1676 1997 ignorantes
1718 1918 1938 1979 fallere.

813 2020 944 2082 ego,
990 2006 1090 2082 qui
1133 2019 1263 2063 sum
1308 2011 1599 2082 expertuS,
1646 2003 1879 2082 quantis
1920 2002 2107 2079 fugias
2150 2002 2381 2076 viribus²

813 2088 932 2149 scio
978 2090 1153 2167 quam
1194 2086 1386 2149 virtuti
1433 2092 1555 2149 non
1600 2088 1673 2148 sit
1718 2087 2078 2149 credendum
2123 2084 2313 2149 tuae.''

897 2171 984 2233 Illi
1029 2172 1317 2251 adsignari
1362 2172 1537 2234 debet
1578 2170 1726 2235 haec
1769 2171 2044 2248 narratio,

728 2269 785 2319 15
818 2257 914 2338 qui
957 2261 1020 2318 re
1065 2256 1324 2319 secunda
1367 2257 1529 2319 sortis
1558 2266 1665 2335 est,
1713 2257 1888 2319 dubia
1915 2259 2105 2335 fugax.

1625 2490 1881 2542 FABULA
1916 2490 1982 2541 111

1371 2591 1715 2656 CALVUS
1769 2594 1876 2654 ET
1928 2593 2228 2656 MUSCA

900 2729 1056 2792 Calvi
1101 2729 1415 2790 momordit
1454 2734 1655 2791 musca
1700 2729 1987 2790 nudatum
2031 2738 2224 2807 caput,

814 2833 988 2897 quam
1031 2817 1362 2894 opprimere
1406 2827 1649 2894 captans
1694 2814 1923 2892 alapam
1967 2813 2075 2875 sibi
2118 2814 2280 2875 duxit
2325 2831 2569 2892 gratem.

815 2909 959 2964 tunc
1003 2899 1100 2960 illa
1144 2898 1436 2960 inridens:
1486 2901 1827 2979 “punctum
1869 2897 2118 2960 volucris
2160 2900 2431 2976 parvulae

811 2984 1046 3046 voluisti
1089 2993 1279 3045 morte
1323 2983 1555 3060 ulcisci;
1605 2984 1741 3065 quid
1786 2983 1960 3045 fac-ies
2002 2983 2124 3058 tibi,

758 3081 788 3130 5
816 3067 1061 3129 iniuriae
1107 3069 1204 3147 qui
1249 3068 1541 3129 addideris
1587 3067 2087 3130 contumeliam?''

812 3153 1145 3230 respondit:
1194 3154 1478 3213 “mecum
1520 3153 1689 3212 facile
1733 3153 1911 3212 redeo
1954 3154 2015 3213 in
2062 3152 2324 3230 gratiam,

815 3237 945 3317 quia
992 3241 1112 3297 non
1157 3234 1334 3298 fuisse
1378 3239 1639 3298 mentem
1683 3237 1954 3298 laedendi
1996 3236 2134 3298 scio.

815 3322 918 3383 sed
961 3325 1038 3397 te,
1086 3321 1404 3402 contempti
1453 3321 1681 3399 generis
1725 3321 1938 3382 animal
1982 3320 2333 3400 improbum,

817 3423 964 3486 quae
1009 3406 1315 3468 delectaris
1358 3406 1561 3467 bibere
1602 3405 1927 3468 humanum
1971 3406 2338 3484 sanguinem,

734 3502 789 3552 10
820 3495 1019 3570 optem
1065 3509 1276 3553 necare
1317 3491 1406 3551 vel
1452 3491 1670 3552 maiore
1712 3491 2140 3568 incommodo?

902 3576 1029 3637 Hoc
1074 3579 1481 3653 argumentum
1524 3577 1752 3636 veniam
1797 3576 2048 3638 dandam
2093 3574 2182 3635 illi
2226 3574 2397 3636 docet

817 3659 916 3739 qui
960 3660 1100 3720 casu
1141 3670 1377 3739 peccat:
1466 3661 1603 3722 nam
1651 3661 1749 3741 qui
1793 3659 2033 3722 consilio
2078 3667 2166 3720 est
2210 3677 2449 3733 nocem,

815 3743 979 3806 illum
1024 3747 1154 3804 esse
1199 3749 1398 3822 quavis
1442 3743 1689 3822 dignum
1734 3764 1925 3824 poena
1954 3744 2164 3805 iudico.

869 3980 971 4041 2‚1.
999 3979 1030 4029 2
1066 3980 1268 4028 servati
1300 3981 1359 4028 in
1394 3978 1507 4029 solo
1546 3977 1659 4028 cod.
1697 3977 1972 4028 Perotcino
2094 3979 2124 4028 3
2160 3975 2432 4028 vindicavit
2466 3976 2742 4029 Pithoeus:
2773 3976 2895 4031 uin-

732 4043 918 4095 dicabit
1038 4047 1068 4096 5
1107 4045 1221 4097 dein
1241 4045 1521 4096 Pithoeus.-
1558 4044 1739 4096 deinde
1847 4047 1906 4098 13
1932 4058 2082 4111 quam
2101 4046 2438 4095 Perottinus:
2474 4044 2593 4110 quid
2683 4048 2765 4110 3,5
2798 4047 2891 4112 qui

730 4109 982 4164 addideris
1016 4113 1347 4164 Perottinus:
1383 4113 1495 4180 quia
1533 4111 1732 4164 dederis
1869 4114 1900 4165 8
1939 4111 2212 4178 contempti
2243 4112 2524 4163 Pithoeus:
2560 4113 2805 4165 contemsi

736 4183 793 4233 11
835 4194 891 4232 ar
962 4183 1184 4231 mentum
1218 4182 1501 4232 Pithoeus.-
1537 4184 1831 4247 argumento
1855 4178 1874 4246 ΙΙ
1901 4179 2116 4231 dandam
2151 4178 2221 4230 illi
2255 4179 2556 4232 Bentleius:
2591 4180 2697 4232 dari
2818 4182 2888 4233 12

732 4261 850 4299 nam
936 4247 1189 4300 entleius:
1225 4263 1375 4315 quam
1517 4251 1577 4301 13
1616 4248 1793 4315 quavis
1829 4247 2243 4318 Ritterslzusius:
2281 4245 2509 4316 quamvis
