3409 5175
720 561 815 657 ttssltu
833 607 855 658 li

257 845 259 848 ,
294 782 417 852 humum
441 781 631 851 aestuantem,
656 782 739 837 eume
762 779 888 841 officium
911 778 1059 841 iactitans:

295 866 349 927 sed
372 864 527 924 deridetur.
551 863 619 922 iude
643 864 720 922 uotis
742 864 863 923 flexibus

295 948 459 1029 praecurrit
481 947 567 1007 alium
591 948 621 1007 iu
644 953 759 1025 xystum
782 948 889 1009 sedans
911 948 1069 1028 pulverem.

296 1034 431 1112 agnoscit
452 1033 601 1092 homiuem
625 1032 728 1093 caesar
750 1052 871 1111 remque
893 1033 1043 1113 intellegit.

295 1124 321 1181 is
342 1124 376 1180 ut
396 1118 506 1197 putavit
528 1121 592 1177 esse
614 1117 713 1177 nescio
736 1118 806 1197 quid
828 1118 916 1179 boni:

295 1201 420 1265 “heus''
443 1202 537 1281 iuquit
559 1202 702 1262 domiuus.
733 1204 781 1263 iile
808 1203 885 1264 euim
909 1221 975 1263 vero
999 1202 1095 1265 adsilit

296 1287 463 1349 donationis
485 1287 580 1347 alacer
602 1297 698 1347 certae
721 1288 836 1364 gaudio.

295 1382 357 1433 tum
379 1375 423 1433 sie
444 1372 536 1432 iocata
559 1381 603 1432 est
626 1376 706 1432 tauta
728 1373 864 1433 maiestas
887 1372 983 1433 ducis:

296 1460 383 1519 “uon
406 1456 530 1517 muitum
554 1456 636 1533 egisti
659 1465 689 1516 et
709 1463 798 1535 epeia
822 1457 997 1535 nequiquam
1019 1458 1108 1535 paritz

295 1541 387 1604 muitt
410 1541 527 1602 maioris
550 1541 650 1620 alapae
668 1560 783 1602 meeum
799 1542 953 1601 veneunt.''

663 1754 846 1807 mmmm
867 1755 917 1819 (vu

566 1858 735 1932 souitu
762 1859 818 1920 ΕΤ
849 1860 1023 1921 CORNIX

340 1995 447 2057 Contra
468 2004 604 2073 putentes
626 1999 712 2054 nemo
735 2004 779 2054 est
800 1994 931 2055 munitus
952 1994 1035 2057 satis:

295 2080 319 2143 si
342 2084 409 2141 vero
430 2079 552 2140 accessit
574 2079 740 2140 censiliatoi·
760 2078 920 2153 maleficus,

294 2166 337 2226 vis
359 2170 388 2227 et
409 2164 536 2243 nequitia
559 2165 696 2243 quiequid
719 2168 901 2241 oppugnant,
925 2164 990 2225 ruit.

337 2250 491 2331 Aquilam
515 2248 636 2308 sublime
659 2248 774 2309 sustulit
795 2248 982 2309 testudinem.

296 2354 371 2415 quae
393 2352 460 2395 cum
483 2333 638 2393 abdidisset
660 2339 765 2393 cumea
789 2338 896 2410 eorpus
918 2332 1005 2393 domu

295 2439 351 2483 uec
373 2418 433 2479 atto
455 2426 542 2497 paeto
565 2416 639 2478 laedi
661 2426 761 2495 posset
784 2415 910 2492 studita,

294 2508 375 2565 veuit
395 2522 449 2582 per
470 2521 555 2563 auras
577 2501 677 2563 ceruix
700 2512 727 2562 et
750 2506 872 2580 propter
892 2502 1007 2563 volans:

296 2593 444 2668 “opimam
468 2607 538 2649 saue
560 2589 699 2666 praedam
720 2588 839 2666 rapuisti
862 2587 1026 2664 unguibus3

295 2675 347 2735 sed
369 2673 426 2735 uisi
447 2682 611 2733 monstrare
634 2673 703 2752 quid
726 2674 762 2734 sit
784 2672 950 2733 faciendum
973 2672 1034 2750 tibi,

295 2764 374 2838 gravi
396 2757 572 2837 nequiquam
595 2762 624 2818 te
646 2757 765 2818 lassabit
787 2758 945 2835 pendere?

293 2847 437 2923 promissa
458 2852 541 2920 parte
564 2842 676 2916 suadet,
698 2852 731 2902 ut
753 2841 905 2919 scopulum
925 2859 1014 2919 super

295 2929 361 2989 altis
383 2927 419 2988 ab
442 2926 527 2987 astris
549 2927 651 2986 deiram
674 2926 776 2986 inlidat
798 2927 945 3002 uerticem,

295 3032 352 3092 qua
375 3013 542 3073 conminuta
566 3010 640 3070 facili
664 3015 796 3071 vescatur
817 3009 891 3071 cibo.

295 3098 414 3178 inducta
436 3096 530 3156 verbis
552 3095 646 3174 aquila
669 3095 787 3156 munitis
809 3094 914 3172 paruit,

295 3183 380 3243 simul
404 3186 433 3241 et
454 3181 610 3259 magistrae
631 3181 712 3258 large
735 3180 829 3240 divisit
852 3180 966 3258 dapem.

294 3266 336 3326 sie
357 3271 419 3328 tuta
442 3284 516 3345 quae
538 3270 660 3326 naturae
682 3266 775 3327 suerat
796 3263 929 3340 munere,

294 3351 381 3430 inpar
402 3350 515 3412 duabus
536 3349 642 3411 eccidit
663 3351 738 3439 tristi
760 3369 841 3410 nece.

653 3565 781 3617 FABULA
798 3565 850 3617 Vltt
870 3565 931 3628 (vlit

500 3670 611 3732 MULI
639 3669 730 3731 DUO
760 3669 816 3730 ΕΤ
845 3668 1083 3730 VECTORES

337 3805 407 3869 Muti
430 3806 538 3884 gravati
560 3805 681 3867 seminis
702 3805 784 3866 ibant
806 3804 879 3866 duo:

296 3896 374 3952 uuus
397 3890 510 3952 terebat
530 3891 618 3951 tiseos
641 3909 708 3951 oum
729 3890 863 3968 pecunia,

295 3976 368 4038 alter
389 3984 537 4036 tumentes
558 3976 651 4036 multu
673 3994 773 4036 saccos
801 3975 920 4035 hordeo.

255 4095 457 4105 ———.-—-—

323 4145 353 4195 16
372 4156 445 4193 come
458 4141 570 4192 officium
586 4140 701 4191 iactitans
715 4138 867 4204 Rigettius:
892 4139 987 4190 iactans
1009 4137 1119 4190 officium
1136 4151 1210 4190 come
1298 4141 1330 4192 19

254 4209 348 4263 Caesar
362 4225 467 4277 remque
483 4211 625 4260 Pithoeus:
643 4222 820 4273 caesaremque
898 4210 930 4258 20
948 4209 970 4258 is
988 4207 1050 4257 edd.
1067 4206 1218 4258 Destillons
1297 4209 1330 4259 25

254 4279 354 4331 maioris
371 4278 523 4343 Rigatttus:
549 4277 656 4328 maiores
670 4274 680 4343 ΙΙ
691 4280 802 4326 veneunt
819 4275 959 4325 Pithoeus:
984 4277 1108 4326 venerunt
1183 4277 1224 4339 7,6
1242 4278 1330 4341 posset

254 4347 423 4398 Pei-attium:
439 4346 521 4412 possit
609 4346 638 4396 13
657 4343 723 4394 taciti
739 4343 891 4394 Bentleiue:
909 4341 982 4394 facile
