3409 5175
359 600 400 660 00
636 592 776 645 ennensi
793 591 997 646 rnnrnnndn
1036 592 1169 645 nrnnnr

748 827 878 882 rieden
891 828 945 881 vltl
962 828 1046 894 (vulp

809 932 988 995 TEMPUS

445 1069 538 1130 Cursd
559 1067 677 1146 volueri,
693 1067 832 1149 ¹pendens
852 1067 883 1130 in
906 1064 1056 1143 nerdeuln

402 1152 509 1229 seinis,
532 1153 776 1233 comessandum,
799 1152 880 1215 nudo
903 1158 1035 1234 serpere,

400 1272 444 1283 -
466 1256 553 1318 quem
575 1238 598 1299 si
621 1239 781 1317 deceperis,
804 1243 919 1300 teneas:
943 1239 1075 1317 elapsdrn
1099 1237 1188 1299 semel

402 1341 464 1384 nen
484 1327 547 1401 ipse
568 1324 662 1401 possit
681 1323 812 1403 ldppiter
831 1324 1048 1401 reprehendere
1070 1356 1111 1367 —
1217 1340 1221 1359 ⁴

373 1407 598 1468 sonessionem
620 1411 718 1467 rerum
741 1407 886 1486 significat
899 1408 1025 1471 brevem.
1114 1458 1118 1465 .

325 1543 328 1548 .
443 1490 573 1552 Effectus
593 1492 750 1571 impediret
767 1511 806 1554 ne
820 1498 920 1571 segnis
935 1512 1027 1569 mera,

401 1577 513 1637 finxere
535 1575 645 1656 antiqui
667 1577 755 1640 telem
777 1578 905 1655 effigiem
918 1578 1076 1657 Temporis.

762 1793 890 1846 FABULA
908 1793 971 1845 vnn
989 1792 1032 1857 (X)

661 1897 839 1960 TAURUS
860 1898 915 1959 ET
936 1897 1131 1959 VITULUS

443 2035 574 2111 Angriste
594 2033 626 2094 in
649 2032 728 2094 aditu
743 2037 851 2095 -tadrns
873 2033 988 2095 luctans
1009 2032 1156 2107 simibus,

402 2135 468 2177 eum
490 2119 536 2178 vix
557 2117 666 2180 intrare
686 2123 788 2197 pdsset
808 2118 844 2179 ed
866 2118 1026 2197 praesepia,

323 2221 326 2226 ·
402 2202 585 2264 monstrabat
605 2202 710 2265 vitulus
732 2203 790 2283 qud
812 2222 843 2264 se
866 2211 952 2281 paeto
974 2202 1111 2264 flecteret.

403 2286 517 2348 “tace”
541 2287 636 2366 inquit
657 2290 752 2348 “ante
774 2289 830 2376 hoe
852 2288 929 2365 ndvi,
953 2305 1039 2367 quarn
1061 2298 1094 2349 tn
1115 2285 1202 2348 nitus
1224 2285 1282 2347 es.'’

373 2382 389 2430 5
449 2372 504 2444 Qui
527 2371 686 2433 ddetiorem
708 2372 846 2434 emendat
868 2372 921 2434 sibi
943 2372 1000 2433 diet
1021 2380 1114 2451 putet.

779 2589 946 2644 FABULAX
966 2589 1018 2654 (XI)

588 2692 717 2754 CANIS
743 2693 798 2754 ΕΤ
825 2693 905 2754 SUS
932 2694 986 2755 ET
1008 2691 1218 2766 VENATOR

444 2829 587 2891 Adversus
608 2847 713 2889 omnes
732 2829 815 2891 sdrtis
835 2829 950 2890 veloces
971 2831 1046 2892 seres

403 2915 485 2976 eenis
507 2932 574 2975 eum
596 2912 714 2976 domino
736 2919 852 2993 semper
874 2915 990 2976 fecisset
1010 2913 1087 2988 satis,

402 2999 542 3078 languere
564 2997 660 3077 eoepit
682 2999 768 3059 dunis
788 2998 1015 3076 ingredientibus.

402 3083 558 3164 aliqudndo
579 3082 711 3145 obiectus
732 3083 838 3162 hispidi
860 3087 976 3162 pugnae
998 3083 1057 3145 suis

374 3168 534 3248 sedripuit
554 3185 670 3229 aurem:
693 3167 744 3228 sed
767 3167 886 3228 cariosis
907 3167 1043 3229 dentibus

402 3253 543 3332 praedem
565 3251 682 3313 dimisit.
719 3252 770 3312 hie
791 3260 863 3312 tune
883 3253 1006 3313 renetdr
1028 3250 1130 3314 dolens

403 3355 507 3400 canem
532 3334 725 3414 dbiur'gabat‘
748 3343 851 3398 eontra
874 3336 920 3397 eui
940 3335 1051 3398 letrdns
1073 3352 1176 3396 senex:

403 3425 484 3484 “non
506 3425 536 3482 te
558 3420 687 3483 destituit
709 3421 823 3483 inimus
845 3421 899 3482 sed
919 3421 994 3482 vires
1015 3439 1106 3482 meae.

404 3507 482 3587 quod
503 3506 620 3582 iniimus,
642 3504 738 3581 lauda,
760 3510 786 3566 si
806 3505 863 3566 iem
886 3507 1017 3582 demnas,
1040 3505 1116 3585 qudd
1140 3502 1267 3567 sumus.’'

362 3603 391 3652 ιο
447 3591 512 3652 Hoc
533 3595 594 3667 edr,
617 3590 740 3667 Phileto,
762 3591 938 3669 scripserim,
960 3591 1081 3670 pulchre
1102 3588 1189 3652 vides.
1298 3589 1300 3598 '

429 3758 470 3819 9,3
488 3756 600 3807 flecteret
615 3756 797 3821 Bongarsius:
813 3759 934 3824 plecteret
999 3761 1016 3810 4
1033 3759 1061 3807 tu
1079 3754 1140 3806 add.
1158 3753 1281 3806 Pithoeus
1299 3755 1336 3815 (ot
1348 3736 1437 3816 Item.)

362 3827 393 3876 10
412 3822 470 3877 SUS
491 3823 621 3874 Orellius:
639 3822 763 3876 SERVVS
834 3829 846 3878 1
867 3826 938 3879 sortis
956 3825 1057 3878 veloces
1073 3824 1210 3875 Pithoeus:
1227 3821 1306 3872 sortes
1323 3822 1349 3872 et
1366 3818 1439 3871 uelo-

360 3906 404 3944 ees
455 3894 546 3944 icum
564 3890 707 3944 Psinom-
725 3892 784 3945 dum
853 3895 868 3944 t
888 3895 974 3946 eontra
992 3893 1032 3944 cui
1055 3891 1150 3944 leirens
1173 3904 1252 3942 senex
1268 3887 1332 3940 Luc.
1352 3886 1438 3937 Muel-

361 3959 449 4011 lerus:
466 3959 506 4011 cui
524 3972 602 4010 senex
620 3961 706 4010 contra
724 3959 818 4012 latrans
882 3959 989 4014 dleude
1008 3956 1096 4012 si'iam
1112 3957 1263 4011 Bentleius:
1280 3955 1367 4007 laudes
1385 3955 1438 4006 iarn

362 4028 395 4077 te
412 4025 509 4078 Philete
528 4025 645 4079 dudem:
662 4024 724 4078 filite
740 4029 784 4078 vel
799 4027 874 4080 filede
