3409 5175
731 588 811 650 62
1583 624 1589 631 .
1666 582 1962 636 FABULAE

816 774 1059 834 quarum
1104 761 1220 815 tina
1266 754 1325 815 in
1372 755 1538 816 cunis
1582 760 1822 833 pervum
1866 756 2116 819 habebat
2161 759 2357 821 tilium.

818 846 1092 919 quaestus
1134 839 1402 920 placebat
1446 840 1610 900 elteri
1652 840 2035 902 meretricius,

756 938 786 985 5
818 942 956 1002 ergo
1001 929 1067 985 ut
1108 927 1350 987 referret
1396 924 1635 1001 gratiam
1681 926 1887 985 officiis
1927 943 2141 1004 parem„

814 1010 1073 1071 abiturus
1117 1022 1177 1071 et
1217 1010 1332 1070 iam
1375 1009 1555 1070 limen
1600 1010 1890 1070 excedens
1933 1012 2038 1072 ait:

814 1097 1029 1157 “deum
1076 1095 1309 1156 videtis:
1355 1095 1606 1154 tribuam
1649 1094 1810 1155 vohis
1852 1095 2137 1173 pretinm,

814 1180 967 1258 quod
1015 1184 1276 1260 quaeque
1321 1179 1584 1256 optarit.’'
1670 1184 1859 1239 meter
1899 1179 2237 1259 suppliciter
2281 1187 2445 1259 rugat

812 1265 1115 1326 barbatum
1163 1272 1227 1325 ut
1268 1264 1455 1324 videat
1498 1267 1701 1323 netum
1747 1282 1919 1342 quam
1965 1265 2217 1342 primum
2261 1287 2461 1343 summ

728 1360 787 1408 10
816 1350 1075 1422 Moecha,
1120 1354 1187 1410 ut
1229 1358 1507 1427 sequatur
1548 1352 1675 1408 sese
1721 1349 1994 1428 quidquid
2043 1351 2305 1427 tetigerit.

812 1434 967 1495 volet
1008 1432 1344 1508 MercuriuS‚
1390 1437 1545 1493 intro
1589 1434 1839 1494 redeunt
1880 1436 2169 1496 mulieres.

808 1518 1084 1580 herbetus
1123 1518 1317 1579 infans
1359 1521 1496 1579 ecce
1540 1518 1764 1597 vagitus
1808 1520 1936 1580 ciet.

807 1603 865 1664 id
916 1605 1062 1665 ferte
1106 1602 1376 1664 meretrix
1422 1606 1554 1663 cum
1598 1603 1813 1665 rideret
1857 1603 2110 1679 validiuS‚

808 1692 983 1749 nares
1024 1688 1271 1766 replevit
1314 1689 1541 1761 humor,
1586 1697 1651 1748 ut
1694 1690 1820 1749 fieri
1865 1688 2027 1749 solet.

729 1783 781 1832 15
813 1778 1130 1851 emungere
1175 1773 1350 1851 igitur
1392 1776 1454 1833 se
1496 1770 1695 1832 volens
1740 1772 1976 1850 prendit
2018 1790 2193 1835 manu

810 1862 1095 1936 traxitque
1139 1858 1212 1917 ad
1256 1867 1470 1918 terram
1515 1856 1642 1916 nesi
1684 1855 2129 1932 longitudinem,

808 1954 867 2004 et
910 1943 1080 2003 eliam
1123 1940 1323 2003 ridens
1365 1945 1489 2020 ipsa
1533 1941 1775 2001 ridenda
1821 1942 2051 2003 exstitit.

1256 2158 1515 2210 FABULA
1552 2158 1634 2209 1111
1672 2160 1872 2210 Dressl.
1912 2158 2018 2221 (1111
2055 2163 2108 2209 et
2141 2159 2177 2207 'r'
2221 2159 2325 2223 ΠΜ

1213 2262 1832 2324 PROMETHEUS
1887 2263 1998 2323 ET
2055 2263 2357 2323 DGLUS

1297 2396 1391 2445 De
1438 2397 1746 2445 veritate
1793 2401 1856 2445 et
1901 2396 2281 2447 mendas-in.

892 2498 1045 2560 Olim
1090 2500 1474 2561 Prometheus
1517 2498 1731 2559 saeculi
1776 2500 1990 2575 figulus
2035 2504 2165 2561 novi

804 2591 943 2647 cure
986 2584 1179 2646 subtili
1225 2584 1529 2646 Veritatem
1574 2585 1812 2658 fecerat,

800 2681 867 2732 ut
908 2672 1033 2732 iura
1076 2679 1272 2748 posset
1316 2673 1471 2730 inter
1512 2669 1781 2729 homines
1822 2669 2086 2730 reddere.

802 2755 992 2817 subito
1038 2754 1350 2816 eccersitus
1395 2754 1599 2816 nuntio
1644 2759 1842 2831 magni
1889 2753 2034 2815 Iovis

742 2853 772 2900 5
802 2840 1174 2902 commendat
1216 2839 1509 2899 officinam
1555 2838 1744 2899 fallaci
1791 2839 1958 2916 Delu,

798 2926 858 2986 in
905 2924 1268 3003 disciplinam
1316 2928 1505 3002 nuper
1550 2943 1722 3004 quem
1765 2927 2082 3002 receperat.

798 3010 895 3070 hic
937 3010 1125 3071 studio
1170 3027 1471 3082 accensus,
1516 3009 1660 3069 fecie
1704 3008 2076 3070 simulacrum
2120 3008 2265 3088 pari,

797 3099 916 3155 une
960 3103 1197 3168 statura,
1242 3094 1427 3155 simile
1472 3101 1529 3153 et
1574 3094 1851 3154 membris
1893 3094 2181 3172 emnibus,

799 3179 937 3238 dum
980 3183 1211 3256 tempus
1252 3178 1472 3250 habuit,
1518 3177 1722 3238 cellida
1770 3180 1936 3238 finxit
1978 3198 2173 3240 manu.

716 3275 773 3322 ιο
801 3263 955 3342 quod
998 3267 1181 3342 prepe
1225 3262 1338 3323 iam
1385 3271 1568 3324 totum
1614 3266 1761 3323 mire
1807 3281 1938 3323 cum
1983 3264 2237 3342 positum
2281 3268 2445 3336 foret,

794 3347 981 3409 lutum
1028 3348 1101 3407 ed
1144 3347 1441 3408 faciendos
1484 3347 1567 3407 illi
1611 3347 1823 3409 defecit
1860 3349 2057 3427 pedes,

793 3433 945 3493 redit
989 3432 1279 3510 magister,
1328 3437 1441 3511 que
1488 3432 1830 3494 festinanter
1873 3432 2055 3494 Dolus

793 3523 953 3579 metu
998 3516 1260 3578 turbatus
1302 3521 1363 3576 in
1408 3535 1514 3576 suo
1559 3517 1712 3577 sedit
1753 3518 1898 3577 loco,

792 3602 1013 3662 mirens
1053 3603 1435 3663 Prometheus
1479 3604 1699 3663 tentam
1745 3601 2201 3676 similittidinem*

712 3698 766 3745 15
794 3685 1061 3765 propriae
1103 3686 1280 3747 videri
1322 3685 1500 3746 veluit
1542 3687 1679 3747 artis
1723 3685 1983 3764 gleriam.

793 3772 970 3850 igitur
1012 3771 1232 3831 fornaci
1277 3771 1493 3849 periter
1536 3772 1651 3832 duo
1696 3773 1860 3849 signa
1906 3771 2133 3846 intulit;

794 3856 1002 3936 quibus
1043 3856 1331 3933 percoctis
1375 3860 1546 3932 etque
1590 3856 1780 3916 infuso
1825 3855 2050 3934 spiritu,

789 3941 1053 4003 modesto
1099 3957 1300 4017 gressu
1344 3945 1543 4001 sencta
1586 3940 1820 4001 incessit
1862 3941 2116 4017 Veritas3

792 4036 852 4085 at
894 4030 1097 4087 trunca
1144 4024 1369 4105 species
1412 4024 1596 4086 haesit
1639 4025 1696 4086 in
1742 4026 2003 4103 vestigio,

844 4195 872 4243 5
909 4192 1082 4256 suppl.
1122 4193 1377 4243 [anellim
1530 4194 1590 4242 13
1629 4194 1705 4241 ita
1740 4191 1857 4252 fere
1893 4167 2177 4244 fanelliur:
2209 4192 2257 4240 id
2293 4208 2405 4242 num
2445 4192 2569 4244 forte.
2609 4192 2850 4244 meretrix

705 4259 834 4309 ridet
866 4257 1083 4309 ualidius
1188 4263 1249 4310 17
1288 4259 1435 4310 aliam
1467 4258 1726 4310 Bothius:
1759 4259 1908 4310 alium
2059 4262 2135 4321 4,1
2178 4260 2365 4324 figulus
2401 4260 2513 4308 nuri
2553 4260 2810 4308 Iusteififfl
2834 4284 2854 4312 ,-

706 4326 823 4376 noui
860 4325 1046 4392 figulus
1195 4330 1252 4378 12
1291 4327 1582 4378 festinanter
1616 4327 1872 4377 Bothius:
1909 4327 2173 4378 festinante
