3409 5175
349 599 369 661 g
708 590 1066 646 rurouurrensrauu

434 765 514 825 Haec
536 764 656 843 propter
676 763 741 824 iilos
763 768 869 842 scripta
892 774 937 825 est
958 764 1090 825 homines
1111 763 1215 839 fibula,

352 860 381 909 15
396 849 445 928 qui
467 849 542 909 iictis
564 848 660 909 causis
682 850 856 909 innocentes
879 849 1056 927 opprimunt.

796 1046 922 1097 FABULA
945 1046 966 1096 11

627 1150 749 1210 ΗΑΝΑΕ
776 1148 908 1209 auctu
931 1147 1144 1210 PETlERUNT

434 1300 563 1360 Athenae
586 1318 652 1360 cum
674 1300 812 1361 florerent
835 1298 934 1379 aequis
956 1297 1077 1379 legibue,

392 1387 500 1462 procax
521 1383 639 1445 libertas
659 1384 805 1445 civitatem
826 1383 945 1444 miscuit

391 1470 565 1569 fremituque
587 1468 671 1528 solvit
691 1468 848 1546 pristinum
870 1468 960 1529 licent
961 1467 996 1528 ia.

391 1552 437 1612 hic
458 1552 633 1631 conspiratis
653 1552 814 1615 factionum
836 1552 966 1630 pirtibus

362 1641 488 1699 tarctm
512 1646 651 1715 tyrannus
673 1638 796 1716 occupat
817 1638 992 1698 Pisistratus

391 1738 457 1781 cum
480 1724 592 1781 tristem
614 1721 780 1781 servitutem
801 1721 907 1785 ilerent
928 1706 1014 1780 inici
1036 1754 1078 1765 -

391 1822 450 1864 non
475 1808 541 1883 quia
562 1804 689 1864 crudelis
711 1804 776 1879 ilie,
799 1804 851 1863 sed
874 1804 1011 1881 quoniam
1034 1821 1118 1881 grave

391 1906 478 1947 omne
501 1888 623 1949 insuetis
645 1893 720 1948 onus
743 1922 783 1933 -
807 1895 836 1947 et
859 1889 1023 1965 coepissent
1044 1888 1135 1967 queri,

388 1972 521 2049 Aesopus
541 1973 630 2032 talem
651 1976 714 2031 tum
736 1972 871 2032 fabellam
892 1971 1011 2033 rettulit.

350 2065 378 2115 lu
435 2056 534 2117 Ranae
556 2064 694 2133 vagantes
714 2056 814 2120 liberis
834 2056 989 2134 paludibus

390 2140 517 2201 clamore
539 2158 645 2217 magno
667 2142 769 2218 regem
790 2141 902 2218 petiere
924 2140 941 2200 a
963 2139 1038 2215 love,

391 2224 439 2303 qui
462 2224 619 2285 dissolutos
640 2224 737 2284 mores
760 2224 784 2284 vi
806 2229 1004 2302 conpesceret.

392 2312 476 2387 pater
497 2308 618 2370 deorum
640 2308 704 2369 risit
726 2316 812 2387 atque
834 2308 891 2368 iliis
912 2308 992 2369 dedit

390 2396 510 2469 paruum
534 2392 674 2471 tigillum,
695 2394 818 2454 missum
840 2394 917 2472 quod
942 2394 1035 2453 subito
1058 2391 1136 2453 vadis

348 2486 377 2535 rt
391 2480 474 2537 motu
496 2495 626 2555 sonoque
650 2478 751 2537 terruit
772 2477 908 2553 pavidum
932 2494 1033 2555 genus.

389 2560 534 2622 inmersas
556 2560 624 2622 iimo
647 2565 714 2622 eum
737 2560 863 2622 laterent
884 2560 1002 2635 diutius,

389 2646 463 2706 forte
485 2649 544 2706 rina
567 2646 653 2706 tacite
674 2646 785 2723 profert
807 2664 823 2706 e
845 2649 949 2722 stagno
972 2652 1059 2721 caput

391 2738 421 2791 et
442 2728 590 2807 explorato
612 2734 681 2806 rege
704 2740 824 2790 cunctas
847 2733 955 2789 evocat.

388 2813 456 2874 illae
477 2815 581 2875 timore
603 2813 698 2892 posito
721 2813 850 2874 certatim
874 2813 1015 2873 iduatant

347 2908 377 2958 20
392 2897 563 2977 lignumque
584 2916 671 2975 supra
694 2897 778 2958 turba
800 2896 936 2976 petulans
957 2893 1057 2956 insilit.

389 2983 466 3061 quod
490 3001 557 3043 cum
578 2983 782 3061 inquinassent
802 2981 883 3042 omni
906 2979 1088 3056 contumelia,

390 3067 479 3127 alium
501 3075 639 3144 rogantes
660 3071 760 3143 regem
782 3067 887 3126 misere
909 3065 946 3126 ad
969 3065 1075 3138 Iovem,

388 3150 499 3211 inutilis
521 3150 659 3228 quoniam
680 3155 758 3211 esset
779 3151 828 3229 qui
850 3150 944 3212 iuerat
966 3149 1060 3210 datus

389 3243 452 3296 tum
474 3233 554 3294 urisit
574 3232 630 3294 iilis
651 3234 792 3313 hydrum,
815 3235 864 3314 qui
885 3233 974 3294 dente
996 3237 1100 3311 aspero

347 3327 377 3382 25
393 3321 540 3395 corripere
563 3317 658 3396 coepit
680 3317 825 3395 singulas:
849 3317 954 3380 frustra
978 3335 1081 3380 necem

389 3402 514 3481 fugitant
534 3402 659 3478 inertes,
681 3404 782 3463 vocem
804 3401 966 3480 praecludit
987 3409 1091 3462 metus.

389 3487 487 3548 iurtinr
511 3486 599 3564 igion
621 3486 691 3549 dant
711 3486 855 3548 Mercurio
877 3487 1014 3546 mandata
1036 3484 1071 3546 rid
1095 3483 1200 3559 lovem,

390 3571 513 3632 adilictis
533 3578 567 3632 ut
588 3575 746 3631 succurrat.
791 3579 862 3630 tunc
884 3574 985 3630 contri
1007 3570 1096 3630 deus:

392 3654 485 3734 “quia
507 3653 642 3715 noluistis
661 3659 788 3715 vestrum
809 3652 909 3714 ierre”
931 3654 1057 3734 inquit‘
1061 3651 1195 3725 ‘‚bonum

345 3749 378 3804 20
392 3739 503 3799 maium
525 3738 677 3816 perferte''
722 3740 800 3798 “vis
822 3757 954 3840 quoque
978 3733 1114 3798 ocives”
1137 3735 1176 3796 ait

391 3824 474 3884 “hoc
495 3823 654 3899 sustinete,
677 3821 770 3886 maius
792 3841 830 3883 ne
851 3821 949 3884 veniat
970 3820 1107 3882 malum?

415 4106 457 4167 2,ss
475 4119 551 4156 omne
567 4105 706 4155 Heinsius.-
724 4101 848 4169 omnino„
863 4117 928 4154 onus
946 4105 972 4154 et
994 4103 1134 4152 Pithoeus.-
1152 4115 1218 4153 onus
1235 4104 1275 4174 est
1292 4103 1317 4154 ei
1387 4105 1421 4154 12

347 4171 373 4222 ri
390 4171 530 4226 Ptttoms
548 4176 576 4224 ut
646 4173 676 4226 14
693 4169 765 4221 vadis
782 4171 923 4222 Pittacus:
942 4169 998 4224 radi
1075 4170 1130 4224 16
1123 4183 1295 4224 immersae..
1313 4167 1419 4222 laterent

346 4239 483 4294 mum
506 4254 543 4294 eu
565 4255 609 4291 an.
634 4237 768 4290 Nitaotu':
792 4237 841 4288 hoc
865 4251 1001 4290 mersum
1020 4237 1137 4290 .iaceret
1220 4238 1254 4290 20
1277 4249 1352 4302 supra
1375 4237 1423 4287 Pr·

349 4308 457 4358 tivene:
475 4320 550 4371 super
619 4308 652 4358 30
670 4321 686 4355 o
704 4303 766 4357 aad.
783 4304 952 4394 Bongurrius
