3409 5175
646 550 654 564 ⁹
727 586 823 641 tram
842 588 885 641 uu

312 769 344 823 et
365 756 503 839 gratillari
525 764 573 820 me
595 760 640 826 lac
661 760 767 821 iudicio
789 762 862 821 tuo'

313 844 427 907 excedit
448 844 564 905 animus
584 849 671 924 quem
693 846 844 925 proposuit
866 847 1038 922 terminum

312 930 364 991 sed
387 929 545 990 difficulter
566 930 734 992 continetur
755 930 882 1009 spiritus,

311 1014 486 1094 integritatis
508 1016 559 1095 qui
582 1014 711 1076 sincerae
734 1016 869 1076 conscius

311 1120 328 1160 a
351 1100 504 1161 noxiorum
528 1100 668 1178 premitur
690 1101 861 1162 insolentiis,

316 1185 365 1263 qui
388 1189 457 1261 sint,
480 1185 627 1263 requires;
656 1186 839 1263 apparebunt
860 1190 1000 1263 tempore.

313 1287 379 1348 ego,
402 1269 551 1348 quondam
573 1269 630 1348 legi
654 1274 741 1349 quam
763 1289 837 1350 puer
858 1270 1033 1332 sententiam

312 1354 436 1432 palam
456 1354 595 1416 mutire
616 1354 766 1433 plebeio
789 1355 979 1433 piaculum
1003 1362 1058 1417 cst

313 1439 383 1499 dum
405 1438 514 1500 sanitas
536 1439 690 1513 constabit,
712 1438 834 1520 pulchre
856 1440 1026 1501 meminero,

615 1773 754 1836 crona
784 1748 993 1846 butorus

443 2022 635 2087 porram
658 2026 949 2089 ranucunounu
971 2004 1023 2101 ’(ιιιι
1047 2031 1087 2093 ar
1111 2030 1174 2106 or.)

356 2162 429 2223 Cum
451 2160 643 2222 destinassem
665 2161 822 2222 terminum
844 2162 926 2240 operi
948 2168 1074 2225 statuere

310 2247 341 2307 in
364 2247 431 2321 boc,
454 2255 487 2308 ut
509 2245 571 2307 aliis
594 2249 670 2306 tsset
691 2246 830 2307 materiae
852 2247 930 2322 satis,

312 2330 466 2391 consilium
490 2330 575 2391 tacito
598 2332 685 2390 corde
708 2332 842 2390 damnavi
863 2336 968 2392 startm.

312 2435 380 2476 nam
403 2419 427 2475 sl
449 2416 514 2496 quis
535 2415 621 2475 etiam
644 2414 708 2475 talis
729 2422 774 2475 est
795 2415 870 2476 tituli
891 2416 1030 2491 aemulus,

311 2520 370 2580 quo
392 2505 478 2579 pacto
502 2499 723 2576 demonstrabit,
746 2499 883 2579 quidnam
907 2502 1062 2579 omiserim,

310 2595 344 2646 ut
367 2585 437 2647 lllud
460 2585 554 2664 ipsum
577 2584 675 2664 cupiat
696 2587 789 2646 lamae
811 2585 937 2661 tradere,

311 2689 364 2731 sua
387 2672 492 2751 cuique
515 2689 581 2731 cum
604 2671 640 2732 sit
663 2671 753 2730 animi
775 2669 928 2750 cogitatio!

311 2754 450 2836 colorque
471 2755 621 2834 propriusl
642 2760 712 2833 ergo
735 2775 795 2817 non
818 2755 918 2818 levitas
939 2756 1019 2830 milri,

310 2841 362 2900 sed
385 2846 463 2901 certa
486 2841 559 2901 ratio
582 2845 698 2901 causam
721 2840 868 2901 scribendi
891 2841 979 2902 ded-it.

312 2929 412 3004 quare,
434 2925 588 3000 Particulo,
611 2925 749 3004 quoniam
772 2925 883 3003 caperis
905 2925 1008 2986 sabulis

311 3044 353 3053 —
376 3028 448 3088 quas
468 3009 614 3087 aesopus,
637 3014 697 3069 non
719 3009 833 3088 Aesopi,
857 3009 988 3086 nomino,

312 3095 405 3173 [quasi
427 3108 535 3172 paucas
556 3093 605 3154 ille
627 3094 755 3156 ostendit
777 3112 831 3172 ego
853 3093 954 3172 plures
976 3094 1098 3170 dissero]

310 3183 383 3239 usus
404 3179 517 3240 vetusto
540 3184 657 3256 genere,
681 3179 732 3239 sed
754 3178 843 3239 rebus
865 3180 962 3253 novis3
984 3213 1027 3224 -

265 3278 269 3286 ·
312 3268 448 3342 quartum
469 3263 609 3339 libellum,
632 3268 699 3324 cum
721 3265 838 3339 vacarit·
858 3263 1000 3342 perleges.

311 3347 391 3409 hunc
413 3347 576 3410 obtrectare
598 3352 622 3408 sl
644 3349 720 3409 volet
741 3348 915 3426 malignitas

311 3432 418 3493 imitari
439 3433 508 3493 dum
530 3453 591 3493 non
613 3434 713 3511 possit
736 3432 880 3494 obtrectet
901 3432 978 3494 licet.

309 3517 381 3576 mibi
403 3521 485 3596 parta
506 3516 570 3579 laus
592 3527 646 3592 est,
668 3517 745 3596 quod
768 3526 809 3593 tu,
833 3517 910 3598 quod
933 3517 1041 3577 similes
1062 3517 1103 3577 tul

337 3717 369 3766 27
388 3714 427 3766 iac
446 3715 585 3766 Pitbomrr:
603 3719 686 3766 tacere
703 3715 745 3765 oel
762 3718 840 3767 latare
901 3718 933 3768 33
952 3729 1014 3781 puer
1031 3717 1172 3769 Pithoeus:
1190 3717 1260 3783 puen'
1312 3721 1346 3771 34

264 3782 360 3833 mutire
377 3783 470 3834 Fertur
487 3800 508 3832 a.
526 3798 567 3834 v..·
589 3783 691 3834 muttire
703 3781 713 3851 ΙΙ
726 3784 852 3848 piaculum
871 3783 976 3834 Ennius
994 3790 1073 3850 (trag.
1098 3787 1148 3838 376
1168 3785 1257 3845 Volet.)
1283 3791 1347 3836 torte

264 3850 362 3901 Festo:
379 3850 518 3914 periculum
604 3854 636 3903 35
655 3852 793 3902 meminero
810 3851 994 3916 Bongarrinr:
1019 3853 1119 3903 memini
1138 3853 1180 3902 nel
1195 3853 1296 3904 memin.
1315 3848 1344 3904 R'

264 3920 300 3981 (l)
352 3919 395 3969 llll
409 3919 482 3984 prol.
500 3921 530 3968 in
548 3919 624 3970 codd.
640 3925 702 3984 port
726 3920 770 3970 llll
788 3923 821 3972 26
838 3923 954 3985 positum
973 3921 1024 3970 bue
1042 3923 1178 3970 reuocauit
1194 3920 1347 3972 Brotieriur

266 3989 281 4037 1
303 3986 373 4052 uperi
397 3990 508 4037 statuere
532 3985 650 4036 Gudiua:
674 3987 757 4052 operis
782 3987 874 4038 habere
901 3985 902 3988 ’
977 3989 992 4039 3
1017 3989 1099 4039 statim
1124 3987 1184 4038 add.
1209 3987 1347 4041 Bentlatur

264 4054 379 4104 tetiam
396 4053 454 4104 talis
474 4056 514 4105 est
530 4053 715 4121 Bongarrtue:
740 4055 796 4105 talis
814 4059 854 4106 est
877 4053 950 4106 etiam
965 4053 1098 4123 llaemulus
1124 4055 1183 4106 odd.
1209 4054 1347 4108 Bentletns

264 4121 486 4172 5demonstrabit
505 4121 635 4174 Orelliur:
653 4122 781 4172 damnabit
885 4125 900 4175 6
925 4122 986 4174 illud
1003 4123 1084 4190 ipsum
1110 4124 1193 4188 cupiat
1213 4123 1348 4192 Gupetur:

264 4189 339 4239 illum
357 4190 440 4254 ipsum
458 4189 556 4255 cupiam
632 4193 648 4242 8
667 4189 1002 4255 propriusllitterrlmrr'nr:
1018 4192 1086 4256 prior
1171 4195 1202 4245 10
1221 4192 1345 4244 Particulo

221 4315 225 4321 Ι
262 4258 408 4307 Rtlroeur:
435 4257 684 4327 particulaulabulis
706 4260 846 4308 Pittacus:
876 4258 974 4309 labulae
1093 4261 1123 4311 12
1149 4259 1199 4312 del.
1227 4260 1346 4328 anetnr

268 4325 303 4376 13
322 4339 385 4376 usus
402 4327 543 4376 Pr'tltoeur:
559 4342 607 4378 usu
696 4328 728 4377 14
745 4341 801 4376 cum
820 4326 913 4376 vacarit
929 4325 1081 4378 Bentleiur:
1098 4327 1157 4380 dum
1175 4329 1244 4380 uarie
