3409 5175
360 550 402 611 44
719 542 863 595 rnnnom
880 542 1078 595 rnennnnun

401 735 459 778 nec
480 714 517 776 ad
538 716 686 795 professae
708 715 810 777 mortis
830 714 971 777 audacem
994 716 1068 777 viam

401 800 570 863 fabricasset
591 800 685 879 Argus
707 801 796 880 opere
817 798 946 861 Palladid
969 810 1071 877 ratem,

362 898 390 947 10
404 885 587 964 inhospitalis
608 891 702 966 prima
724 905 797 966 quae
819 886 907 947 Ponti
928 886 1009 947 sinus

401 971 537 1054 patefecit
558 972 589 1031 in
611 970 771 1050 pemlciem
794 970 912 1031 Graium
935 979 965 1031 ct
986 968 1156 1035 barbaruml

402 1074 530 1136 namque
552 1060 582 1118 et
602 1054 720 1135 superbi
740 1056 823 1134 luget
842 1057 949 1117 Aeetae
972 1052 1085 1131 domus

402 1152 431 1204 et
452 1146 544 1219 regna
565 1140 661 1202 Peliae
683 1140 792 1201 scelere
813 1140 932 1204 Medeae
953 1140 1059 1215 iacent,

401 1244 476 1305 quae
498 1230 614 1287 saevum
635 1225 788 1303 ingenium
813 1225 897 1286 variis
918 1225 1069 1286 involvens
1089 1226 1184 1289 modis

360 1322 389 1372 15
402 1310 462 1372 illic
490 1329 544 1391 per
565 1319 645 1371 artus
666 1308 761 1371 fratris
783 1310 923 1389 explicuit
943 1311 1051 1387 lugam,

400 1395 449 1457 bic
471 1395 560 1456 caede
582 1394 672 1473 patris
692 1394 842 1456 Peliadum
865 1396 964 1456 inlesit
986 1414 1098 1456 manns.

446 1481 523 1553 Quid
545 1480 596 1541 tlbi
618 1477 753 1541 videtur?
775 1481 851 1540 “hoc
875 1498 991 1561 quoquc
1012 1480 1156 1541 insulsdm
1179 1480 1238 1543 est”
1262 1482 1305 1545 ais

403 1564 553 1643 “falsoque
574 1564 701 1640 dictum;
724 1562 813 1641 longe
835 1566 902 1643 quia
924 1566 1062 1626 vetustior

401 1650 513 1727 Aegaea
535 1650 630 1711 Minos
653 1649 745 1711 classe
767 1650 935 1726 perdomuit
956 1650 1028 1710 irata

358 1745 389 1796 20
403 1736 544 1814 iustoque=
558 1734 712 1795 vindicavit
733 1733 866 1810 exemplo
889 1731 1059 1809 impetum.”

402 1819 471 1899 qnid
494 1823 564 1895 ergo
586 1837 706 1896 possum
728 1818 824 1877 iacere
846 1817 907 1893 tibi,
931 1819 1023 1879 lector
1045 1819 1124 1888 Cato.

401 1904 425 1964 si
448 1908 504 1964 nec
525 1902 648 1963 fabellae
670 1906 698 1964 te
720 1904 821 1963 iuvant
842 1921 898 1963 nec
919 1901 1049 1964 ldbulael

401 1988 465 2049 noll
486 1988 626 2049 molestus
647 1989 712 2049 esse
734 1986 855 2047 omnino
879 1987 991 2063 litteris,

400 2073 540 2133 maiorem
562 2066 718 2134 exhibeant
740 2076 778 2131 ne
800 2070 852 2131 tibi
874 2072 1045 2133 molestiam.

298 2226 301 2230 ⁴
358 2167 388 2218 25
445 2158 509 2219 Hoc
531 2156 587 2217 illis
609 2157 718 2218 dictum
741 2165 800 2232 est,
824 2156 874 2234 qui
898 2156 1016 2217 stultitia
1038 2160 1182 2221 nadseant

403 2251 432 2303 ct
453 2247 487 2303 nt
507 2251 649 2321 putentur
670 2243 783 2320 stpere,
807 2241 921 2321 caelum
942 2244 1115 2321 vituperant.
1150 2294 1158 2310 .

725 2411 728 2416 Ι
774 2492 779 2497 ‹
799 2456 927 2509 FABULA
945 2455 999 2511 Vlll

570 2559 738 2622 sumnus
759 2559 808 2621 sn
831 2560 985 2625 rinnon
1006 2561 1226 2655 vnnmmnn

442 2694 654 2756 Mordaiciorem
682 2697 731 2774 qui
753 2697 877 2775 inprobo
901 2697 988 2759 dente
1011 2699 1129 2779 adpetit,

401 2779 458 2841 boc
480 2779 652 2859 argumento
674 2785 705 2841 se
728 2780 852 2843 describi
876 2783 989 2844 sentiat.

444 2865 478 2926 ln
502 2866 649 2926 officinam
671 2865 745 2926 labri
765 2867 844 2928 venit
865 2868 973 2946 vipera.

400 2951 473 3012 hacc
496 2948 566 3011 crim¹
586 2958 751 3030 temptaret,
774 2956 798 3012 sl
821 2971 878 3031 qrra
900 2970 966 3031 spes
989 2957 1065 3014 esset
1086 2951 1152 3028 cibi,

316 3093 319 3099 .
371 3035 498 3096 blimam
520 3036 685 3097 momordit.
730 3035 779 3096 illa
802 3046 904 3097 contra
926 3041 1098 3099 contumax:

371 3143 374 3147 ¹
403 3119 492 3198 “quid
514 3120 579 3180 me''
601 3120 697 3199 inquit
719 3121 835 3195 “stulta,
860 3119 947 3180 dente
969 3130 1068 3198 captas
1090 3122 1216 3199 laedere,

400 3223 489 3266 omne
511 3204 628 3266 adsuevi
650 3205 759 3266 ferrum
782 3223 856 3284 quac
872 3205 1077 3266 conrddere‘l”

790 3421 919 3473 Fluunt
936 3421 1001 3474 Vllll

685 3524 858 3587 VULPES
885 3525 941 3587 ET
969 3526 1114 3589 CAPER

443 3660 538 3720 Homo
561 3660 592 3721 in
615 3659 756 3737 periclum
779 3660 864 3722 simul
887 3679 921 3721 ac
943 3660 1021 3722 venit
1042 3659 1173 3735 cdllidns‚

401 3746 532 3824 reperire
555 3744 692 3822 effugium
715 3746 826 3824 quaerit
847 3745 966 3807 alterius
987 3745 1074 3805 malo.

427 3949 458 4000 12
478 3945 720 3997 leetaeffloosm:
736 3947 817 3997 aetale
872 3947 902 3998 16
920 3944 1153 3996 inlecitPs'tlrosus:
1169 3942 1293 3996 interiecit
1346 3947 1376 3996 17
1395 3944 1434 3996 ais

357 4013 499 4065 Pithoeus.-
519 4013 554 4064 ait
590 4014 621 4064 19
638 4013 739 4078 Aegaea
756 4015 895 4064 Pithoeus:
913 4013 1010 4079 Aegrea
1044 4016 1077 4065 20
1095 4013 1215 4080 impeturn
1232 4012 1371 4064 Pithoeaas:
1388 4013 1435 4064 im-

356 4081 453 4148 perinm
505 4083 536 4132 21
555 4080 635 4131 lector
653 4079 715 4131 Cato
732 4081 873 4132 Pisonem:
889 4081 954 4132 lecte
971 4083 1040 4134 reato
1085 4084 1117 4134 25
1136 4080 1179 4148 qui
1197 4079 1300 4131 stultitia
1309 4079 1433 4147 Bongar-

356 4151 428 4200 sius:
445 4148 466 4200 si
485 4149 527 4215 qni
546 4148 736 4200 stultitiamve!
752 4148 832 4215 siqui
851 4148 920 4200 stulti
989 4151 1031 4215 8,4
1049 4163 1108 4215 spes
1125 4149 1265 4200 Heinsius:
1282 4163 1321 4199 res
1390 4151 1432 4213 9‚t

356 4216 477 4283 periclum
497 4215 610 4267 Gadita:
629 4216 768 4282 pericnlum
782 4215 792 4280 ΙΙ
803 4231 922 4282 maguum
941 4223 1003 4268 arato
1019 4217 1157 4284 pericolum
1175 4217 1225 4267 del.
1247 4213 1348 4268 Gudius
1417 4219 1433 4268 2

358 4284 455 4352 quaerit
472 4284 574 4337 alterins
591 4283 743 4335 Bentleius:
761 4283 863 4336 alterius
882 4285 978 4352 quaerit
