3409 5175
845 604 992 657 FABULAE

743 890 873 943 FABULA
890 890 945 942 XVI
964 894 1006 952 (ii
1027 892 1080 955 Or.)

562 995 704 1057 GALLUS
726 994 885 1057 tncrtct
906 996 929 1055 Α
952 994 1111 1057 FELIBUS
1132 997 1274 1059 VECTUS

481 1128 600 1180 Nimiam
617 1111 788 1178 securitotmn
804 1143 884 1193 caepe
901 1130 930 1177 in
946 1128 1098 1193 pericnlum
1115 1129 1233 1180 dominos
1252 1130 1360 1185 ducere.

464 1231 548 1293 Feles
569 1230 693 1291 habehat
715 1229 808 1307 gilius
829 1230 1003 1291 lecticdrios.

419 1316 507 1377 Hunc
529 1316 653 1393 gloriose
673 1313 775 1391 vulpes
796 1325 828 1375 ut
849 1315 920 1375 vidit
941 1315 1014 1389 vehi,

417 1404 463 1460 sic
484 1404 529 1460 est
548 1398 664 1459 locuta:
688 1398 815 1458 “moneo
837 1402 1010 1477 praecavetis
1032 1396 1144 1460 dolum:

421 1484 542 1544 istdrnm
563 1481 658 1543 vultus
679 1486 806 1561 nquue
828 1483 853 1543 si
875 1483 1052 1556 consideras,

391 1567 562 1646 opraedim
583 1575 699 1645 portare
720 1566 840 1641 indices,
864 1584 923 1627 non
946 1564 1118 1627 sircinam.’'

421 1659 576 1730 postquam
597 1651 705 1711 esurire
727 1652 823 1730 eoepit
844 1650 966 1711 societis
988 1650 1057 1725 iere,

422 1735 576 1813 discerpsit
597 1735 748 1795 dominum
770 1744 799 1796 et
819 1734 888 1796 iecit
908 1742 1007 1812 partes
1028 1733 1174 1794 facinoris.

743 1963 872 2016 risone
889 1962 954 2016 xvn
973 1966 1015 2026 (rs
1036 1965 1089 2028 or.)

605 2066 752 2128 SCROFA
773 2067 1009 2129 PARTURIENS
1030 2068 1078 2129 ET
1100 2068 1218 2129 tnrts
1537 2118 1539 2207 1

380 2199 545 2253 Faciendum
561 2200 639 2264 prius
658 2198 690 2247 de
708 2199 814 2248 domine
830 2198 980 2264 periculum
998 2215 1077 2264 quom
1095 2203 1151 2250 eius
1170 2206 1195 2250 te
1213 2204 1362 2251 committas
1381 2200 1465 2263 fidei:
1539 2224 1540 2309 p

464 2303 619 2363 Premente
640 2309 726 2378 partu
747 2299 843 2362 scroia‘
865 2320 930 2362 cnm
953 2307 1082 2379 gemeret
1104 2303 1213 2379 iacens,

425 2386 550 2448 accnrrit
569 2385 657 2463 lupus
678 2391 708 2444 et
730 2384 893 2446 obstetricis
914 2386 1043 2464 portibus

425 2488 457 2530 se
478 2472 564 2547 posse
585 2469 668 2546 iungi
690 2467 769 2543 dixit,
792 2469 965 2546 promittens
987 2487 1082 2547 opem.

424 2572 492 2616 cum
512 2557 579 2615 vero
601 2559 701 2615 nosset
722 2553 847 2630 pectoris
869 2553 1001 2614 fraudem
1022 2552 1158 2632 improbi,

396 2641 593 2717 tsuspectnm
615 2637 741 2697 officium
763 2637 922 2714 repudiavit
944 2637 1067 2698 miiefici

424 2733 468 2784 et:
493 2721 582 2782 “sitis
603 2721 662 2782 est’'
683 2721 778 2800 inquit
800 2725 845 2780 “si
867 2720 987 2783 recedes
1008 2721 1151 2800 longius.’'

424 2805 502 2884 quod
525 2809 549 2866 si
570 2803 709 2883 perfidiae
731 2810 762 2866 se
786 2805 976 2867 commisisset
997 2806 1067 2884 lupi,

425 2894 532 2969 parens
552 2889 653 2950 dolore
675 2888 733 2950 iiia
757 2889 892 2950 deflesset
914 2909 974 2950 sue.

742 3117 870 3171 FABULA
887 3119 965 3170 xvttt
984 3121 1027 3182 (19
1043 3119 1097 3183 Or.)

609 3220 778 3282 AESOPUS
800 3222 848 3282 ET
871 3221 1011 3283 SERVUS
1033 3221 1234 3284 PROFUGUS

662 3350 726 3404 Non
745 3369 799 3403 esse
815 3353 887 3403 molo
906 3353 1057 3404 addendum
1075 3355 1180 3404 maium.

468 3453 574 3514 Servits
594 3454 763 3531 profugiens
785 3455 935 3516 dominum
957 3464 1078 3517 naturae
1101 3462 1229 3534 isperne,

425 3535 538 3614 Aesopo
561 3537 686 3606 occurrit
706 3542 795 3600 notus
816 3557 833 3599 e
854 3539 965 3599 vicinia.
1126 3584 1129 3589 .

426 3621 524 3699 “quid
547 3624 579 3681 tti
601 3620 775 3682 coniusns‘i’'
798 3624 914 3684 “dicam
936 3623 987 3684 tibi
1009 3623 1094 3700 clare,
1117 3632 1209 3703 peter,

425 3702 482 3764 hoc
503 3703 630 3783 nimque
651 3724 683 3768 es
705 3705 810 3784 dignos
832 3706 971 3785 appellari
993 3707 1120 3782 nomine,

397 3791 489 3849 scuto
511 3787 627 3866 querele
649 3794 715 3868 quia
738 3790 814 3868 apud
838 3798 866 3852 te
889 3791 1051 3869 deponitur.

424 3871 527 3950 plagae
551 3881 716 3949 supersunt,
738 3873 844 3934 desunt
865 3875 934 3935 mihi
957 3874 1078 3949 cibiria3

454 4039 509 4100 16‚1
528 4036 668 4089 lecticarios
686 4035 875 4088 Burmannus:
893 4038 1034 4093 lecticarius
1105 4039 1121 4089 2
1140 4036 1250 4103 gloriose
1267 4035 1456 4087 Burmannus:

386 4102 495 4170 gloriose
588 4107 604 4157 6
622 4105 729 4157 societas
748 4105 800 4156 iera
817 4106 962 4156 innodius:
981 4106 1031 4158 iere
1050 4105 1158 4157 societas
1252 4105 1306 4166 itt
1326 4107 1456 4169 premente

384 4169 528 4223 lencilino:
546 4173 669 4223 tremente
726 4175 743 4224 4
757 4188 814 4224 omn
827 4173 971 4224 lencilino:
989 4187 1053 4239 qnae
1063 4174 1073 4240 ΙΙ
1087 4171 1197 4238 pectoris
1208 4171 1339 4222 Orellius:
1355 4169 1455 4236 pecoris

385 4241 401 4291 8
419 4253 509 4305 parens
526 4236 655 4290 Botiius:
672 4240 726 4306 peri
822 4242 878 4302 ist
897 4243 1015 4292 restituit
1032 4239 1177 4295 lonelliusr
1196 4241 1251 4290 loto
1270 4238 1326 4305 quin
1344 4237 1411 4303 epod
1431 4242 1455 4289 ie

387 4305 488 4370 querela
507 4305 638 4372 deponitur
