3409 5175
726 617 822 672 LIBER
840 618 873 672 lli

350 792 477 855 Habenti
498 792 613 854 cuidam
634 794 742 871 pecora
764 797 945 871 pepererunt
966 810 1033 854 oves

306 884 400 958 agnos
420 879 550 939 humano
573 877 676 955 cipite.
699 886 832 939 monstro
855 876 1006 940 exterritus

308 964 345 1024 ad
367 962 565 1025 consulendos
586 961 676 1023 cuimit
697 980 832 1023 maerens
853 962 989 1025 hariolos.

307 1048 356 1109 hic
377 1047 525 1127 pertinere
545 1046 583 1108 ad
604 1046 714 1107 domini
735 1047 895 1125 respondet
918 1057 1006 1127 caput

306 1141 337 1194 et
359 1132 547 1194 avertendum
569 1129 682 1194 victima
704 1131 877 1210 penculum.

307 1217 357 1278 ille
379 1222 476 1279 aulem
499 1218 633 1279 adiirmal
655 1216 809 1295 coniugem
832 1236 896 1278 esse
919 1216 1079 1280 addituram

305 1311 336 1363 et
357 1303 486 1364 insitivos
507 1302 664 1381 significari
684 1302 801 1376 liberos,

307 1386 359 1448 sed
382 1386 489 1466 expiari
511 1393 597 1467 posse
617 1386 719 1447 maiori
740 1386 842 1448 nostia.

309 1471 378 1551 quid
400 1470 512 1533 mulia?
534 1471 617 1532 variis
638 1471 781 1533 dissident
801 1469 954 1531 sententiis

307 1556 478 1637 hominique
500 1575 598 1618 curam
621 1561 691 1617 adra
713 1556 822 1617 maiore
845 1554 1011 1633 adgravant.

205 1697 212 1704 .
306 1642 438 1719 Aesopus
459 1640 497 1701 ibi
520 1648 610 1718 stans,
633 1641 713 1702 nauis
735 1643 888 1701 emunctae
911 1657 1015 1701 senex:

308 1727 433 1787 “natura
455 1744 606 1807 nunquam
627 1726 713 1787 verba
736 1726 782 1787 cui
803 1729 900 1803 potuit
921 1725 1012 1787 darez'

308 1810 333 1871 si
354 1816 510 1890 procurare
533 1816 575 1871 vis
596 1819 753 1887 ostentum,
775 1810 892 1884 rustice,

309 1896 434 1957 undres’
455 1897 550 1975 inquit
572 1897 630 1957 “da
651 1896 708 1958 iuis
729 1890 921 1976 pasidnbus.”

704 2111 832 2165 FABULA
847 2112 892 2164 llll

583 2215 750 2279 LleUS
775 2217 831 2278 ET
860 2214 1015 2279 SIMIUS

348 2351 482 2413 Pendere
503 2351 539 2413 ad
561 2350 673 2412 lanium
695 2351 814 2429 quidam
837 2351 904 2411 vidit
926 2352 1052 2429 siusium,

312 2436 390 2498 inter
409 2435 534 2500 relicuas
553 2440 666 2497 merces
689 2445 775 2514 atque
796 2436 933 2511 obsdnia3

310 2521 449 2601 quaesivit
470 2522 609 2602 quidnam
632 2520 767 2600 saperet?
789 2529 850 2582 ium
873 2520 968 2581 lanius
989 2521 1104 2583 iocans:

310 2607 432 2688 “quale”
455 2607 550 2686 inquit
572 2610 680 2686 “caput
701 2614 754 2682 est,
776 2606 842 2668 talis
865 2611 1029 2684 praestatur
1049 2605 1162 2685 sapor.''

353 2691 484 2753 Ridicule
506 2693 599 2771 magis
619 2693 677 2753 hoc
699 2692 810 2753 dictum
832 2710 920 2771 quam
942 2709 1008 2752 vere
1030 2692 1166 2766 aestim03

310 2776 428 2855 quando
450 2781 480 2838 ei
500 2778 643 2838 formosos
664 2781 751 2854 saepe
772 2776 870 2837 inveni
892 2777 1042 2856 pessimos

310 2872 340 2923 et
362 2863 440 2941 idipi
459 2862 532 2923 iacis
553 2862 661 2924 mullos
683 2860 805 2938 cognovi
827 2861 960 2939 optimos.

720 3075 887 3130 FABULAV
1120 3159 1125 3164 Ι

521 3178 731 3289 ausoniis
759 3183 814 3245 ET
841 3180 1079 3244 PETULANS

348 3317 506 3378 Successus
527 3316 564 3377 ad
585 3317 746 3396 perniciem
768 3318 872 3379 stultos
894 3319 1022 3379 devocat

349 3401 463 3480 Aesopo
486 3401 602 3481 qnidam
623 3402 760 3482 pdlulans
780 3402 906 3482 lapidem
928 3403 1102 3481 impegerat:

309 3486 427 3548 “lanto''
450 3487 544 3566 inquit
565 3485 727 3548 “meliori’'
750 3491 845 3548 assem
868 3487 972 3549 deinde
994 3486 1036 3547 illi
1059 3486 1138 3548 dedit

307 3571 349 3632 sic
369 3575 557 3651 prosecutus:
581 3571 669 3650 “plus
690 3590 750 3632 non
772 3572 866 3633 habeo
888 3591 936 3634 me
957 3571 1092 3644 Hercule,

307 3656 357 3718 sed
380 3655 461 3718 unde
482 3657 615 3735 accipere
635 3656 731 3735 possis
751 3655 920 3718 monstrabo
943 3655 1002 3718 ubi.

305 3741 384 3802 venii
406 3746 475 3803 ecce
495 3741 575 3803 dives
596 3745 626 3802 di
646 3751 767 3822 potens:
789 3741 858 3802 huic
879 3741 1011 3802 similiter

305 3825 437 3906 impinge
458 3826 584 3907 lapidem
606 3832 636 3888 ei
657 3827 778 3906 dignum
801 3826 925 3908 accipies
945 3823 1134 3906 praemium.”

330 4012 346 4061 5
373 4010 504 4062 exterritus
533 4010 701 4062 Pmottinus:
729 4011 875 4077 perterritus
986 4014 1000 4062 ‘i
1030 4009 1166 4078 respondet
1190 4007 1341 4074 liupoldus:

263 4077 394 4142 respondit
481 4080 512 4130 13
535 4077 682 4145 hominique
702 4079 855 4130 Basileios:
882 4079 1048 4146 hominesque
1118 4080 1150 4130 14
1173 4076 1207 4127 ibi
1230 4073 1341 4129 Bitiam·

265 4147 373 4196 lmsius:
392 4145 440 4196 sibi
523 4149 565 4210 4,n
583 4146 690 4198 relicuas
707 4147 891 4212 Bougursa'us:
914 4147 1024 4214 reliquas
1105 4147 1123 4198 4
1139 4147 1279 4212 praestatur
1296 4146 1341 4197 Pe'-

266 4214 375 4264 tineam:
392 4215 534 4279 praestatus
585 4214 700 4280 dmam‘s
718 4215 767 4267 hoc
784 4215 877 4268 dicium
893 4218 1060 4268 Pervelim.-
1077 4213 1127 4266 hoc
1149 4213 1241 4264 dicium
1259 4214 1341 4280 magis

263 4284 280 4333 6
305 4281 438 4400 liormosos
466 4282 606 4334 minoas:
637 4282 763 4335 formosus
888 4285 928 4348 5,1
961 4282 1052 4335 stultus
1081 4281 1233 4334 Bentleiue:
1265 4295 1341 4350 saepe

259 4353 356 4402 mutos
