3409 5175
722 578 805 643 28
1446 572 1729 625 PHAEDRI
1774 571 2167 625 FABULARUM

809 745 1049 807 odorem
1093 764 1241 826 quae
1285 745 1604 808 iucundum
1646 745 1764 805 late
1809 748 2124 822 spargeret.

806 832 968 892 hunc
1010 835 1318 911 postquam
1363 832 1499 893 totis
1542 830 1703 891 avida
1746 830 1919 891 traxit
1963 829 2233 893 naribus:

750 928 779 976 5
812 918 886 977 “o
930 915 1119 977 suavis
1162 916 1382 982 animai
1432 916 1603 996 quale
1644 914 1705 974 in
1751 922 1812 975 te
1856 914 2043 975 dicam
2088 915 2334 994 bonum,

809 1001 1059 1063 antehac
1102 1001 1295 1078 fuisse,
1340 1001 1488 1062 tales
1531 1017 1665 1061 cum
1711 998 1828 1060 sint
1869 998 2198 1078 reliquiae.’'

782 1113 787 1119 ¹
895 1085 1021 1147 Hoc
1064 1086 1180 1166 quo
1225 1085 1531 1165 pertineat,
1578 1084 1734 1145 dicet
1779 1084 1877 1163 qui
1919 1101 2014 1143 me
2061 1085 2299 1148 noverit.

1626 1316 1883 1370 FABULA
1916 1317 1959 1370 11

1217 1421 1696 1484 PANTHERA
1750 1422 1861 1483 ΕΤ
1918 1422 2385 1487 PASTORES

892 1556 1051 1619 Solet
1099 1561 1132 1618 a
1176 1556 1465 1635 despectis
1506 1563 1614 1636 par
1656 1558 1857 1619 referri
1903 1557 2101 1637 gratia.

890 1643 1184 1704 Panthera
1225 1642 1569 1721 imprudens
1614 1643 1750 1704 olim
1796 1644 1858 1703 in
1907 1644 2129 1704 foveam
2176 1641 2417 1707 decidit:

806 1728 1002 1789 videre
1048 1737 1335 1805 agrestes:
1384 1727 1477 1787 alii
1520 1728 1702 1787 fustes
1750 1732 2093 1805 congerunt,

807 1812 901 1872 alii
944 1817 1193 1872 enerant
1236 1810 1412 1873 saxis:
1461 1810 1697 1889 quidam
1744 1822 1946 1873 contra
1991 1812 2232 1874 miseriti

749 1908 778 1956 5
808 1896 1101 1976 periturae
1146 1896 1379 1975 quippe,
1428 1896 1687 1975 quamvis
1730 1916 1904 1970 nemo
1949 1897 2227 1975 laederet,
2326 1932 2331 1937 ·

806 1981 1015 2042 misere
1057 1998 1294 2060 panem,
1338 1989 1404 2041 ut
1445 1981 1759 2058 sustineret
1802 1982 2086 2061 spiritum.

806 2084 922 2127 nox
966 2071 1228 2128 insecuta
1276 2074 1392 2127 est:
1441 2066 1659 2127 abeunt
1701 2071 1892 2128 securi
1942 2068 2198 2145 domum,
2268 2083 2272 2090 ’

805 2150 969 2231 quasi
1011 2150 1303 2212 inventuri
1345 2156 1638 2212 mortuam
1682 2151 1982 2230 postridie.

806 2243 865 2297 at
907 2235 1004 2297 illa
1046 2236 1195 2296 vires
1237 2240 1303 2298 ut
1345 2236 1546 2296 refecit
1587 2236 1910 2314 languidaS‚

723 2330 780 2382 10
807 2320 990 2383 veloci
1034 2320 1185 2383 saltu
1227 2322 1390 2383 fovea
1434 2338 1561 2382 sese
1605 2320 1813 2383 liberat

804 2414 865 2469 et
907 2410 969 2466 in
997 2404 1203 2490 ‘cubile
1248 2406 1477 2467 cencito
1521 2412 1800 2485 properat
1842 2405 2043 2485 gradu.

801 2494 1005 2572 paucis
1049 2490 1253 2551 diebus
1297 2490 1653 2568 interpositis
1696 2490 1975 2568 provolat,

803 2580 986 2655 pectis
1030 2575 1297 2651 trucidat,
1343 2578 1503 2654 ipsos
1548 2580 1811 2655 pastores
1855 2583 2030 2637 necat

805 2672 864 2723 et
908 2665 1117 2723 cuncta
1163 2671 1396 2721 vastans
1440 2660 1618 2722 saevit
1661 2660 1807 2721 irato
1854 2665 2093 2740 impetu.

720 2756 777 2807 15
808 2754 932 2808 tum
978 2745 1084 2806 sibi
1131 2745 1420 2819 timenteS‚
1468 2749 1566 2826 qui
1609 2746 1766 2807 ferae
1809 2749 2210 2824 pepercerant,

804 2831 1083 2892 damnum
1126 2830 1282 2892 haud
1325 2837 1620 2908 recusant,
1662 2835 1893 2892 tantum
1937 2849 2043 2910 pro
2086 2829 2197 2891 vita
2238 2840 2465 2910 rogant.

805 2925 865 2977 at
908 2915 1038 2977 ssla:
1088 2914 1368 2976 “memini
1413 2921 1512 2996 qui
1556 2935 1651 2977 me
1696 2935 1832 2978 saxo
1877 2916 2125 2996 petierit,

805 3001 903 3080 qui
948 3006 1161 3079 panem
1206 3001 1459 3063 dederit:
1506 3007 1607 3063 vos
1652 3001 1857 3063 timere
1901 3001 2189 3075 absistite;

804 3085 919 3146 illis
960 3095 1218 3146 revertor
1260 3085 1461 3162 hostis·‚
1509 3087 1607 3164 qui
1648 3105 1746 3146 me
1789 3084 2137 3148 laeserunt.”

1615 3297 1868 3351 FABULA
1903 3299 1967 3350 111

1254 3401 1663 3466 AESOPUS
1719 3403 1828 3464 ET
1883 3401 2339 3490 RJJSTICUS

887 3537 1008 3599 Usu
1052 3538 1272 3617 peritus
1291 3537 1535 3599 'heriolo
1577 3537 1829 3599 velocior

800 3621 972 3699 vulgo
1018 3623 1132 3684 esse
1174 3625 1375 3700 fertur,
1421 3628 1593 3686 causa
1638 3625 1739 3684 sed
1785 3643 1907 3685 non
1953 3623 2180 3698 dicitur,

802 3710 1066 3768 notescet
1091 3710 1259 3787 'quae
1304 3728 1465 3770 nunc
1506 3713 1760 3788 primum
1804 3709 2015 3771 sabella
2056 3724 2204 3769 mea.

851 3910 885 3960 4
920 3905 1064 3959 avida
1087 3908 1374 3959 Pithoeus.-
1410 3909 1542 3960 auita
1645 3912 1675 3961 5
1715 3908 1861 3976 quale
1894 3909 1946 3960 in
1982 3911 2032 3959 ie
2066 3907 2228 3959 dicam
2263 3907 2453 3959 bonum
2477 3904 2705 3960 sz'r‘us:
2757 3956 2759 3958 ,
2807 3924 2866 3958 ἐι-

714 3974 814 4026 lem
852 3978 901 4025 te
936 3975 1096 4028 dicam
1132 3976 1316 4028 bonam
1473 3979 1502 4028 7
1541 3977 1637 4028 hoc
1671 3979 1958 4028 Pithoeus.-
1995 3977 2092 4027 huc
2126 3976 2210 4026 vel
2241 3975 2376 4028 hunc
2545 3976 2629 4036 ΕΑ
2665 3976 2745 4040 spui
2786 3992 2862 4024 am

713 4043 1049 4098 Pet-offlam:
1110 4042 1311 4112 quidem
1338 4042 1358 4112 ΙΙ
1380 4044 1591 4096 miseriti
1625 4045 1904 4099 Pithoeus:
1953 4042 2143 4095 miserti
2318 4046 2378 4097 16
2425 4060 2513 4108 pro
2553 4044 2649 4092 vita
2689 4044 2866 4092 Pes-ot-

717 4113 891 4164 ἅγιαι·
927 4114 1123 4176 prumta
1159 4112 1245 4162 vel
1275 4115 1471 4178 promta
1613 4115 1673 4165 17
1715 4118 1766 4164 at
1799 4113 2134 4168 Per-octium.-
2187 4115 2238 4164 et
2263 4110 2284 4180 ss
2305 4112 2501 4179 petierit
2537 4108 2862 4164 Sarmat-rus.-

712 4179 924 4246 petierat
971 4179 1055 4228 vel
1098 4180 1345 4245 petierant
1562 4183 1625 4233 18
1708 4181 1758 4232 ui
1803 4182 2139 4231 Per-omnus:
2185 4180 2300 4247 quis
2509 4180 2569 4232 19
2617 4180 2870 4232 laeserunt

710 4247 1050 4298 Per-octium:
1084 4247 1336 4298 laeserant
1505 4251 1587 4315 3‚2
1624 4264 1690 4300 vu
1715 4263 1780 4316 go
1816 4263 1931 4300 esse
1962 4248 2117 4299 fertur
2151 4263 2303 4300 causa
2338 4248 2425 4300 sed
2465 4264 2565 4296 nun
2589 4248 2870 4296 Hesio-em:

711 4315 870 4382 uulgo
906 4329 1055 4366 causa
1094 4315 1248 4368 fertur
1282 4315 1375 4368 sed
1408 4331 1509 4368 non
1553 4355 1556 4359 «
1591 4315 1599 4322 ’
