3409 5175
738 602 881 658 Puteum
898 602 1096 659 enuntiatur

711 958 853 1023 LIBER
883 961 1121 1027 SECUNDUS

820 1196 1002 1260 AUCTOR

419 1363 566 1443 Exemplis
587 1364 755 1427 continetur
775 1365 893 1444 apologi
915 1383 1008 1445 genus

419 1469 476 1510 neo
498 1449 576 1511 diiud
598 1450 753 1530 quiequam
774 1454 828 1529 per
848 1450 968 1514 fabellas
990 1451 1148 1530 quaeritur,

421 1552 508 1614 quam
529 1535 692 1614 corrigatur
712 1541 794 1598 error
815 1545 848 1597 ut
870 1536 1036 1599 mortalium

420 1624 562 1697 acuatque
584 1619 649 1683 sese
671 1618 796 1700 diligens
817 1621 969 1683 indistria.

283 1769 285 1772 ,
391 1704 589 1785 tquiednque
610 1706 697 1767 inerit
718 1709 788 1785 ergo
809 1706 950 1767 narrandi
971 1706 1062 1784 iocus,

421 1789 490 1849 dum
511 1789 606 1867 etpiat
627 1808 728 1852 aurem
749 1797 779 1852 et
800 1794 895 1851 servet
915 1790 1097 1869 propositum
1118 1808 1215 1871 suum,

419 1891 453 1934 re
475 1873 707 1951 commendatur,
731 1880 792 1937 ndu
814 1876 941 1936 auotoris
963 1876 1093 1955 nomine.

420 1958 555 2035 equidem
576 1960 657 2020 dmni
679 1977 749 2021 eura
769 1964 883 2021 morem
906 1960 1026 2021 servabo
1041 1962 1135 2039 senis,

322 2078 326 2082 -
419 2042 471 2103 sed
493 2047 518 2103 st
540 2043 657 2105 libuerit
679 2044 786 2125 aliquid
807 2045 1004 2123 interponere,

379 2138 407 2188 tu
421 2126 564 2189 dietdmm
585 2147 689 2190 sensus
711 2137 743 2192 ut
765 2129 891 2191 delectet
912 2130 1042 2206 varietas,

418 2210 511 2273 bonas
532 2213 562 2273 in
585 2221 693 2293 partes,
715 2213 817 2292 lector,
840 2214 965 2294 aeoipias
987 2214 1083 2278 velim:

418 2296 468 2371 ita,
492 2298 517 2358 si
539 2298 682 2375 rependet
703 2298 745 2359 uti
766 2299 891 2362 brevitas
906 2300 1042 2379 gratiam:

306 2417 310 2423 ·
419 2381 501 2442 ouius
523 2382 704 2445 verbosanti
726 2384 764 2447 sit
785 2386 1010 2462 commendatio,

417 2465 546 2545 attende,
569 2487 622 2529 our
643 2474 752 2549 negare
774 2470 887 2549 cupidis
908 2469 1023 2546 debeas

377 2562 406 2613 15
420 2552 560 2616 modestis
583 2553 672 2616 etiam
693 2554 808 2633 offerre,
832 2554 910 2633 quod
933 2573 993 2618 non
1016 2551 1161 2633 petierint.

833 2785 962 2840 nnuma
979 2786 990 2840 1

600 2907 786 2972 iuvencus
813 2908 889 2972 [uu
918 2907 967 2972 ΕΤ
995 2905 1222 2974 Putuut'tolt

460 3059 555 3136 Super
575 3059 731 3121 iuvencum
752 3059 847 3122 stabat
868 3061 1013 3124 deieouim
1027 3060 1082 3123 leo.

416 3143 573 3221 praeditur
593 3144 749 3206 intervenit
769 3156 882 3222 partem
904 3146 1065 3224 postulans.

419 3227 557 3288 “darem''
579 3228 674 3307 inquit
695 3228 777 3289 “nisi
799 3229 909 3291 soleres
930 3247 983 3308 per
1005 3239 1033 3291 te
1055 3227 1194 3292 edmere”

418 3321 449 3373 et
469 3312 626 3391 inprobum
647 3313 757 3376 reiecit.
800 3315 877 3376 sorte
898 3315 1034 3376 innoxius

388 3395 508 3458 suasor
530 3406 574 3460 est
595 3398 739 3461 deductus
758 3399 801 3459 in'
813 3400 941 3462 eundem
962 3399 1059 3462 locum

417 3482 537 3562 serdque
559 3482 618 3545 viso
640 3483 752 3546 rettulit
765 3488 843 3546 reno
867 3485 982 3564 pedem.
1088 3563 1090 3566 Ι

417 3568 464 3628 oui
485 3566 617 3646 placidus
636 3568 702 3632 ille:
726 3570 812 3631 “ndu
835 3579 880 3633 est
902 3569 978 3650 quod
1000 3569 1125 3632 timeas''
1148 3567 1188 3633 ait

419 3654 470 3712 “et
490 3658 565 3730 quat
587 3652 711 3717 debetur
731 3659 800 3733 pars
821 3665 889 3718 tuae
911 3654 1079 3732 modestiae,

421 3735 566 3798 audacter.
581 3739 679 3800 toUe.’'
707 3745 781 3802 tune
803 3741 892 3803 diviso
915 3745 1030 3820 tergore

376 3833 405 3882 10
419 3819 504 3883 silvas
525 3821 634 3901 petivit,
656 3823 769 3886 homini
788 3835 822 3887 ut
842 3830 993 3888 aooessdm
1014 3824 1106 3887 daret

459 3906 633 3988 Exemplum
656 3909 805 3988 egregium
828 3916 948 3991 prorsus
970 3922 999 3972 et
1020 3906 1182 3989 laudibile;

416 3997 517 4053 verum
539 4002 584 4055 est
605 3993 724 4057 ariditas
747 3995 827 4056 dives
850 4006 879 4058 et
901 4000 1013 4075 pauper
1029 3994 1134 4075 pudor.

441 4189 463 4240 11
477 4192 572 4256 prdit
591 4192 692 4262 apologi
709 4193 845 4261 Hauptius
863 4193 975 4246 Hermae
992 4194 1047 4246 1172
1072 4195 1159 4263 aesopi
1261 4195 1277 4246 9
1295 4192 1453 4259 interponere

374 4258 513 4392 Uiiioem:
536 4259 667 4326 interpone
773 4264 804 4315 12
828 4260 850 4313 si
868 4262 1007 4314 Heinsius:
1034 4263 1071 4315 sie
1168 4265 1207 4324 1,t
1227 4260 1295 4330 quod
1312 4261 1453 4336 Hedones:
