<?xml version="1.0" encoding="UTF-8"?>
<!DOCTYPE html PUBLIC "-//W3C//DTD XHTML 1.0 Transitional//EN"
    "http://www.w3.org/TR/xhtml1/DTD/xhtml1-transitional.dtd">
<html xmlns="http://www.w3.org/1999/xhtml" xml:lang="en" lang="en">
 <head>
  <title>
</title>
<meta http-equiv="Content-Type" content="text/html;charset=utf-8" />
  <meta name='ocr-system' content='tesseract 3.04.00' />
  <meta name='ocr-capabilities' content='ocr_page ocr_carea ocr_par ocr_line ocrx_word'/>
</head>
<body>
  <div class='ocr_page' id='page_1' title='image "./phaedrifabulaef00phaegoog_0053.png"; bbox 0 0 3409 5175; ppageno 0'>
   <div class='ocr_carea' id='block_1_1' title="bbox 716 587 876 642">
    <p class='ocr_par' dir='ltr' id='par_1_1' title="bbox 716 587 876 642">
     <span class='ocr_line' id='line_1_1' title="bbox 716 587 876 642; baseline 0.006 -3"><span class='ocrx_word' id='word_1_1' title='bbox 716 587 816 642; x_wconf 82' lang='lat' dir='ltr'>LIBER</span> <span class='ocrx_word' id='word_1_2' title='bbox 832 588 876 641; x_wconf 88' lang='lat' dir='ltr'>IIII</span> 
     </span>
    </p>
   </div>
   <div class='ocr_carea' id='block_1_2' title="bbox 297 759 1035 1267">
    <p class='ocr_par' dir='ltr' id='par_1_2' title="bbox 297 759 1035 1267">
     <span class='ocr_line' id='line_1_2' title="bbox 340 759 921 840; baseline -0.002 -16"><span class='ocrx_word' id='word_1_3' title='bbox 340 763 448 823; x_wconf 77' lang='lat' dir='ltr'>Vexata</span> <span class='ocrx_word' id='word_1_4' title='bbox 471 760 562 821; x_wconf 87' lang='lat' dir='ltr'>saevis</span> <span class='ocrx_word' id='word_1_5' title='bbox 584 759 665 820; x_wconf 83' lang='lat' dir='ltr'>navis</span> <span class='ocrx_word' id='word_1_6' title='bbox 687 761 921 840; x_wconf 77' lang='lat' dir='ltr'>tempestatibus,</span> 
     </span>
     <span class='ocr_line' id='line_1_3' title="bbox 297 844 1018 923; baseline -0.001 -13"><span class='ocrx_word' id='word_1_7' title='bbox 297 850 375 910; x_wconf 76' lang='lat' dir='ltr'>inter</span> <span class='ocrx_word' id='word_1_8' title='bbox 395 853 546 908; x_wconf 83' lang='lat' dir='ltr'>vecturum</span> <span class='ocrx_word' id='word_1_9' title='bbox 566 844 701 907; x_wconf 79' lang='lat' dir='ltr'>lacrimas</span> <span class='ocrx_word' id='word_1_10' title='bbox 723 854 753 908; x_wconf 94' lang='lat' dir='ltr'>et</span> <span class='ocrx_word' id='word_1_11' title='bbox 773 850 877 908; x_wconf 88' lang='lat' dir='ltr'>mortts</span> <span class='ocrx_word' id='word_1_12' title='bbox 898 856 1018 923; x_wconf 84' lang='lat' dir='ltr'>metum,</span> 
     </span>
     <span class='ocr_line' id='line_1_4' title="bbox 298 926 1035 1010; baseline -0.001 -17"><span class='ocrx_word' id='word_1_13' title='bbox 298 931 403 993; x_wconf 82' lang='lat' dir='ltr'>faeiem</span> <span class='ocrx_word' id='word_1_14' title='bbox 425 930 462 993; x_wconf 80' lang='lat' dir='ltr'>ad</span> <span class='ocrx_word' id='word_1_15' title='bbox 484 948 619 993; x_wconf 87' lang='lat' dir='ltr'>serenam</span> <span class='ocrx_word' id='word_1_16' title='bbox 641 930 738 993; x_wconf 80' lang='lat' dir='ltr'>subito</span> <span class='ocrx_word' id='word_1_17' title='bbox 759 944 793 993; x_wconf 84' lang='lat' dir='ltr'>ut</span> <span class='ocrx_word' id='word_1_18' title='bbox 813 926 944 995; x_wconf 78' lang='lat' dir='ltr'>mutatur</span> <span class='ocrx_word' id='word_1_19' title='bbox 964 932 1035 1010; x_wconf 86' lang='lat' dir='ltr'>dies,</span> 
     </span>
     <span class='ocr_line' id='line_1_5' title="bbox 298 1015 867 1093; baseline -0.002 -15"><span class='ocrx_word' id='word_1_20' title='bbox 298 1019 367 1079; x_wconf 80' lang='lat' dir='ltr'>ferri</span> <span class='ocrx_word' id='word_1_21' title='bbox 390 1016 527 1078; x_wconf 85' lang='lat' dir='ltr'>secundis</span> <span class='ocrx_word' id='word_1_22' title='bbox 550 1020 610 1076; x_wconf 82' lang='lat' dir='ltr'>tnta</span> <span class='ocrx_word' id='word_1_23' title='bbox 632 1016 729 1093; x_wconf 87' lang='lat' dir='ltr'>eoepit</span> <span class='ocrx_word' id='word_1_24' title='bbox 749 1015 867 1078; x_wconf 79' lang='lat' dir='ltr'>flatibus</span> 
     </span>
     <span class='ocr_line' id='line_1_6' title="bbox 298 1099 907 1181; baseline 0 -17"><span class='ocrx_word' id='word_1_25' title='bbox 298 1101 446 1181; x_wconf 83' lang='lat' dir='ltr'>nimiaque</span> <span class='ocrx_word' id='word_1_26' title='bbox 468 1107 572 1163; x_wconf 88' lang='lat' dir='ltr'>nautas</span> <span class='ocrx_word' id='word_1_27' title='bbox 593 1099 737 1163; x_wconf 71' lang='lat' dir='ltr'>hilaritate</span> <span class='ocrx_word' id='word_1_28' title='bbox 759 1101 907 1164; x_wconf 82' lang='lat' dir='ltr'>exttllere.</span> 
     </span>
     <span class='ocr_line' id='line_1_7' title="bbox 299 1185 959 1267; baseline 0.002 -19"><span class='ocrx_word' id='word_1_29' title='bbox 299 1188 395 1249; x_wconf 78' lang='lat' dir='ltr'>factus</span> <span class='ocrx_word' id='word_1_30' title='bbox 412 1185 529 1265; x_wconf 82' lang='lat' dir='ltr'>periclis</span> <span class='ocrx_word' id='word_1_31' title='bbox 552 1189 613 1247; x_wconf 81' lang='lat' dir='ltr'>ttun</span> <span class='ocrx_word' id='word_1_32' title='bbox 636 1185 813 1263; x_wconf 75' lang='lat' dir='ltr'>gubernatur</span> <span class='ocrx_word' id='word_1_33' title='bbox 834 1187 959 1267; x_wconf 83' lang='lat' dir='ltr'><strong>sophus:</strong></span> 
     </span>
    </p>
   </div>
   <div class='ocr_carea' id='block_1_3' title="bbox 299 1270 1027 1436">
    <p class='ocr_par' dir='ltr' id='par_1_3' title="bbox 299 1270 1027 1436">
     <span class='ocr_line' id='line_1_8' title="bbox 300 1270 982 1352; baseline 0 -19"><span class='ocrx_word' id='word_1_34' title='bbox 300 1274 409 1352; x_wconf 80' lang='lat' dir='ltr'>“parut</span> <span class='ocrx_word' id='word_1_35' title='bbox 431 1270 558 1349; x_wconf 81' lang='lat' dir='ltr'>gaudere</span> <span class='ocrx_word' id='word_1_36' title='bbox 579 1275 695 1350; x_wconf 83' lang='lat' dir='ltr'>nptrtet</span> <span class='ocrx_word' id='word_1_37' title='bbox 716 1279 747 1332; x_wconf 87' lang='lat' dir='ltr'>et</span> <span class='ocrx_word' id='word_1_38' title='bbox 767 1276 878 1332; x_wconf 88' lang='lat' dir='ltr'>senstrn</span> <span class='ocrx_word' id='word_1_39' title='bbox 900 1272 982 1352; x_wconf 87' lang='lat' dir='ltr'>queri</span> 
     </span>
     <span class='ocr_line' id='line_1_9' title="bbox 299 1354 1027 1436; baseline 0 -17"><span class='ocrx_word' id='word_1_40' title='bbox 299 1360 449 1436; x_wconf 80' lang='lat' dir='ltr'>totamque</span> <span class='ocrx_word' id='word_1_41' title='bbox 471 1356 556 1417; x_wconf 82' lang='lat' dir='ltr'>vitam</span> <span class='ocrx_word' id='word_1_42' title='bbox 578 1356 684 1417; x_wconf 75' lang='lat' dir='ltr'>miscet</span> <span class='ocrx_word' id='word_1_43' title='bbox 705 1355 789 1417; x_wconf 84' lang='lat' dir='ltr'>dolor</span> <span class='ocrx_word' id='word_1_44' title='bbox 811 1367 841 1418; x_wconf 90' lang='lat' dir='ltr'>et</span> <span class='ocrx_word' id='word_1_45' title='bbox 863 1354 1027 1435; x_wconf 82' lang='lat' dir='ltr'>gandium.”</span> 
     </span>
    </p>
   </div>
   <div class='ocr_carea' id='block_1_4' title="bbox 496 1603 1098 1772">
    <p class='ocr_par' dir='ltr' id='par_1_4' title="bbox 496 1603 1098 1772">
     <span class='ocr_line' id='line_1_10' title="bbox 685 1603 908 1658; baseline 0.009 -2"><span class='ocrx_word' id='word_1_46' title='bbox 685 1603 813 1657; x_wconf 77' lang='lat' dir='ltr'><strong>FABULA</strong></span> <span class='ocrx_word' id='word_1_47' title='bbox 830 1604 908 1658; x_wconf 81' lang='lat' dir='ltr'>XVIII</span> 
     </span>
     <span class='ocr_line' id='line_1_11' title="bbox 496 1707 1098 1772; baseline 0.005 -3"><span class='ocrx_word' id='word_1_48' title='bbox 496 1707 841 1770; x_wconf 78' lang='lat' dir='ltr'>CANES&#39;LEGA&#39;II</span> <span class='ocrx_word' id='word_1_49' title='bbox 869 1710 924 1772; x_wconf 78' lang='lat' dir='ltr'>AD</span> <span class='ocrx_word' id='word_1_50' title='bbox 954 1708 1098 1772; x_wconf 83' lang='lat' dir='ltr'>IOVEII</span> 
     </span>
    </p>
   </div>
   <div class='ocr_carea' id='block_1_5' title="bbox 199 1842 1104 3873">
    <p class='ocr_par' dir='ltr' id='par_1_5' title="bbox 345 1842 978 1922">
     <span class='ocr_line' id='line_1_12' title="bbox 345 1842 978 1922; baseline -0.002 -16"><span class='ocrx_word' id='word_1_51' title='bbox 345 1846 440 1906; x_wconf 81' lang='lat' dir='ltr'>Canes</span> <span class='ocrx_word' id='word_1_52' title='bbox 460 1844 573 1922; x_wconf 82' lang='lat' dir='ltr'>legatos</span> <span class='ocrx_word' id='word_1_53' title='bbox 594 1842 664 1903; x_wconf 86' lang='lat' dir='ltr'>tlim</span> <span class='ocrx_word' id='word_1_54' title='bbox 685 1842 791 1905; x_wconf 81' lang='lat' dir='ltr'><strong>misere</strong></span> <span class='ocrx_word' id='word_1_55' title='bbox 814 1845 849 1905; x_wconf 81' lang='lat' dir='ltr'>ad</span> <span class='ocrx_word' id='word_1_56' title='bbox 873 1843 978 1920; x_wconf 85' lang='lat' dir='ltr'>Iovem,</span> 
     </span>
    </p>

    <p class='ocr_par' dir='ltr' id='par_1_6' title="bbox 300 1928 1104 2515">
     <span class='ocr_line' id='line_1_13' title="bbox 300 1928 901 2006; baseline 0 -17"><span class='ocrx_word' id='word_1_57' title='bbox 300 1928 428 1990; x_wconf 72' lang='lat' dir='ltr'>metieris</span> <span class='ocrx_word' id='word_1_58' title='bbox 449 1928 523 1990; x_wconf 82' lang='lat' dir='ltr'>vitae</span> <span class='ocrx_word' id='word_1_59' title='bbox 545 1932 663 2006; x_wconf 74' lang='lat' dir='ltr'>tempus</span> <span class='ocrx_word' id='word_1_60' title='bbox 684 1933 799 1989; x_wconf 77' lang='lat' dir='ltr'>oratum</span> <span class='ocrx_word' id='word_1_61' title='bbox 821 1947 901 2004; x_wconf 86' lang='lat' dir='ltr'>suae,</span> 
     </span>
     <span class='ocr_line' id='line_1_14' title="bbox 303 2013 959 2093; baseline 0 -18"><span class='ocrx_word' id='word_1_62' title='bbox 303 2023 335 2075; x_wconf 92' lang='lat' dir='ltr'>ut</span> <span class='ocrx_word' id='word_1_63' title='bbox 357 2018 421 2075; x_wconf 79' lang='lat' dir='ltr'>sese</span> <span class='ocrx_word' id='word_1_64' title='bbox 443 2013 569 2093; x_wconf 87' lang='lat' dir='ltr'>eriperet</span> <span class='ocrx_word' id='word_1_65' title='bbox 590 2013 743 2074; x_wconf 82' lang='lat' dir='ltr'>htmInum</span> <span class='ocrx_word' id='word_1_66' title='bbox 765 2013 959 2091; x_wconf 75' lang='lat' dir='ltr'>contumeliis,</span> 
     </span>
     <span class='ocr_line' id='line_1_15' title="bbox 300 2098 1104 2178; baseline 0.002 -19"><span class='ocrx_word' id='word_1_67' title='bbox 300 2098 459 2162; x_wconf 70' lang='lat' dir='ltr'>turturibus</span> <span class='ocrx_word' id='word_1_68' title='bbox 481 2098 534 2160; x_wconf 90' lang='lat' dir='ltr'>sibi</span> <span class='ocrx_word' id='word_1_69' title='bbox 556 2103 748 2176; x_wconf 79' lang='lat' dir='ltr'>consparsum</span> <span class='ocrx_word' id='word_1_70' title='bbox 770 2098 848 2178; x_wconf 86' lang='lat' dir='ltr'>quud</span> <span class='ocrx_word' id='word_1_71' title='bbox 870 2103 978 2177; x_wconf 80' lang='lat' dir='ltr'>panem</span> <span class='ocrx_word' id='word_1_72' title='bbox 1000 2100 1104 2161; x_wconf 83' lang='lat' dir='ltr'>darent</span> 
     </span>
     <span class='ocr_line' id='line_1_16' title="bbox 301 2182 1017 2262; baseline 0.001 -18"><span class='ocrx_word' id='word_1_73' title='bbox 301 2184 429 2261; x_wconf 79' lang='lat' dir='ltr'>fimtque</span> <span class='ocrx_word' id='word_1_74' title='bbox 449 2184 527 2262; x_wconf 81' lang='lat' dir='ltr'>turpi</span> <span class='ocrx_word' id='word_1_75' title='bbox 548 2182 705 2244; x_wconf 83' lang='lat' dir='ltr'>maximam</span> <span class='ocrx_word' id='word_1_76' title='bbox 728 2182 879 2261; x_wconf 78' lang='lat' dir='ltr'>explerent</span> <span class='ocrx_word' id='word_1_77' title='bbox 902 2185 1017 2245; x_wconf 86' lang='lat' dir='ltr'>samem.</span> 
     </span>
     <span class='ocr_line' id='line_1_17' title="bbox 301 2267 926 2349; baseline 0 -20"><span class='ocrx_word' id='word_1_78' title='bbox 301 2268 422 2349; x_wconf 73' lang='lat' dir='ltr'>profecti</span> <span class='ocrx_word' id='word_1_79' title='bbox 445 2277 514 2329; x_wconf 91' lang='lat' dir='ltr'>sunt</span> <span class='ocrx_word' id='word_1_80' title='bbox 535 2267 623 2348; x_wconf 68' lang='lat' dir='ltr'>legati</span> <span class='ocrx_word' id='word_1_81' title='bbox 646 2286 706 2328; x_wconf 88' lang='lat' dir='ltr'>nun</span> <span class='ocrx_word' id='word_1_82' title='bbox 729 2267 818 2329; x_wconf 78' lang='lat' dir='ltr'>celeri</span> <span class='ocrx_word' id='word_1_83' title='bbox 841 2267 926 2346; x_wconf 87' lang='lat' dir='ltr'>pede,</span> 
     </span>
     <span class='ocr_line' id='line_1_18' title="bbox 302 2352 1034 2414; baseline -0.001 0"><span class='ocrx_word' id='word_1_84' title='bbox 302 2355 371 2414; x_wconf 89' lang='lat' dir='ltr'>dum</span> <span class='ocrx_word' id='word_1_85' title='bbox 393 2352 513 2413; x_wconf 82' lang='lat' dir='ltr'>nan&#39;bus</span> <span class='ocrx_word' id='word_1_86' title='bbox 534 2357 702 2413; x_wconf 76' lang='lat' dir='ltr'>scrutantur</span> <span class='ocrx_word' id='word_1_87' title='bbox 723 2370 821 2413; x_wconf 84' lang='lat' dir='ltr'>eseam</span> <span class='ocrx_word' id='word_1_88' title='bbox 843 2352 874 2412; x_wconf 91' lang='lat' dir='ltr'>in</span> <span class='ocrx_word' id='word_1_89' title='bbox 896 2357 1034 2414; x_wconf 82' lang='lat' dir='ltr'>sternere.</span> 
     </span>
     <span class='ocr_line' id='line_1_19' title="bbox 302 2436 1027 2515; baseline 0.003 -17"><span class='ocrx_word' id='word_1_90' title='bbox 302 2438 381 2499; x_wconf 82' lang='lat' dir='ltr'>citati</span> <span class='ocrx_word' id='word_1_91' title='bbox 404 2456 463 2498; x_wconf 88' lang='lat' dir='ltr'>non</span> <span class='ocrx_word' id='word_1_92' title='bbox 486 2437 676 2515; x_wconf 73' lang='lat' dir='ltr'>respendent.</span> <span class='ocrx_word' id='word_1_93' title='bbox 706 2438 750 2498; x_wconf 82' lang='lat' dir='ltr'>vix</span> <span class='ocrx_word' id='word_1_94' title='bbox 772 2436 893 2498; x_wconf 86' lang='lat' dir='ltr'>tandem</span> <span class='ocrx_word' id='word_1_95' title='bbox 915 2438 1027 2500; x_wconf 82' lang='lat' dir='ltr'>Invenit</span> 
     </span>
    </p>

    <p class='ocr_par' dir='ltr' id='par_1_7' title="bbox 199 2522 1092 3873">
     <span class='ocr_line' id='line_1_20' title="bbox 199 2522 896 2584; baseline -0.001 0"><span class='ocrx_word' id='word_1_96' title='bbox 199 2568 211 2584; x_wconf 92' lang='lat'><strong>.</strong></span> <span class='ocrx_word' id='word_1_97' title='bbox 302 2527 353 2584; x_wconf 80' lang='lat' dir='ltr'>ets</span> <span class='ocrx_word' id='word_1_98' title='bbox 374 2522 535 2583; x_wconf 84' lang='lat' dir='ltr'>Mereun&#39;ns</span> <span class='ocrx_word' id='word_1_99' title='bbox 556 2526 586 2583; x_wconf 83' lang='lat' dir='ltr'>tt</span> <span class='ocrx_word' id='word_1_100' title='bbox 608 2522 740 2583; x_wconf 86' lang='lat' dir='ltr'>turbatos</span> <span class='ocrx_word' id='word_1_101' title='bbox 762 2522 896 2583; x_wconf 76' lang='lat' dir='ltr'>adtrahit.</span> 
     </span>
     <span class='ocr_line' id='line_1_21' title="bbox 301 2607 1024 2686; baseline -0.001 -16"><span class='ocrx_word' id='word_1_102' title='bbox 301 2619 364 2670; x_wconf 90' lang='lat' dir='ltr'>tum</span> <span class='ocrx_word' id='word_1_103' title='bbox 385 2613 452 2669; x_wconf 79' lang='lat' dir='ltr'>veru</span> <span class='ocrx_word' id='word_1_104' title='bbox 475 2607 587 2669; x_wconf 85' lang='lat' dir='ltr'>vultum</span> <span class='ocrx_word' id='word_1_105' title='bbox 608 2607 707 2686; x_wconf 83' lang='lat' dir='ltr'>magni</span> <span class='ocrx_word' id='word_1_106' title='bbox 729 2617 763 2669; x_wconf 88' lang='lat' dir='ltr'>ut</span> <span class='ocrx_word' id='word_1_107' title='bbox 783 2608 920 2669; x_wconf 83' lang='lat' dir='ltr'>viderunt</span> <span class='ocrx_word' id='word_1_108' title='bbox 941 2607 1024 2685; x_wconf 71' lang='lat' dir='ltr'>Iovis</span> 
     </span>
     <span class='ocr_line' id='line_1_22' title="bbox 301 2692 919 2771; baseline -0.005 -16"><span class='ocrx_word' id='word_1_109' title='bbox 301 2698 392 2755; x_wconf 81' lang='lat' dir='ltr'>totam</span> <span class='ocrx_word' id='word_1_110' title='bbox 415 2692 552 2754; x_wconf 86' lang='lat' dir='ltr'>timentes</span> <span class='ocrx_word' id='word_1_111' title='bbox 573 2697 772 2754; x_wconf 78' lang='lat' dir='ltr'>enneacarunt</span> <span class='ocrx_word' id='word_1_112' title='bbox 792 2694 919 2771; x_wconf 66' lang='lat' dir='ltr'>regnam</span> 
     </span>
     <span class='ocr_line' id='line_1_23' title="bbox 302 2777 907 2856; baseline 0 -18"><span class='ocrx_word' id='word_1_113' title='bbox 302 2777 434 2856; x_wconf 81' lang='lat' dir='ltr'>propulsi</span> <span class='ocrx_word' id='word_1_114' title='bbox 455 2796 523 2838; x_wconf 83' lang='lat' dir='ltr'>vero</span> <span class='ocrx_word' id='word_1_115' title='bbox 546 2777 669 2839; x_wconf 79' lang='lat' dir='ltr'>Iustr&#39;bus</span> <span class='ocrx_word' id='word_1_116' title='bbox 690 2778 800 2838; x_wconf 80' lang='lat' dir='ltr'>vadunt</span> <span class='ocrx_word' id='word_1_117' title='bbox 821 2778 907 2838; x_wconf 87' lang='lat' dir='ltr'>suras.</span> 
     </span>
     <span class='ocr_line' id='line_1_24' title="bbox 301 2861 898 2941; baseline 0.002 -20"><span class='ocrx_word' id='word_1_118' title='bbox 301 2866 379 2923; x_wconf 80' lang='lat' dir='ltr'>uetat</span> <span class='ocrx_word' id='word_1_119' title='bbox 400 2861 504 2924; x_wconf 88' lang='lat' dir='ltr'>dimitti</span> <span class='ocrx_word' id='word_1_120' title='bbox 526 2866 652 2940; x_wconf 78' lang='lat' dir='ltr'>magnus</span> <span class='ocrx_word' id='word_1_121' title='bbox 673 2861 738 2922; x_wconf 85' lang='lat' dir='ltr'>illos</span> <span class='ocrx_word' id='word_1_122' title='bbox 760 2862 898 2941; x_wconf 79' lang='lat' dir='ltr'>Iuppiter.</span> 
     </span>
     <span class='ocr_line' id='line_1_25' title="bbox 301 2946 861 3025; baseline 0 -18"><span class='ocrx_word' id='word_1_123' title='bbox 301 2947 397 3008; x_wconf 79' lang='lat' dir='ltr'>mirati</span> <span class='ocrx_word' id='word_1_124' title='bbox 419 2947 473 3008; x_wconf 87' lang='lat' dir='ltr'>sibi</span> <span class='ocrx_word' id='word_1_125' title='bbox 495 2946 607 3025; x_wconf 80' lang='lat' dir='ltr'>legatos</span> <span class='ocrx_word' id='word_1_126' title='bbox 631 2966 691 3007; x_wconf 87' lang='lat' dir='ltr'>nnn</span> <span class='ocrx_word' id='word_1_127' title='bbox 714 2947 861 3020; x_wconf 59' lang='lat' dir='ltr'>revertur,</span> 
     </span>
     <span class='ocr_line' id='line_1_26' title="bbox 301 3029 1066 3111; baseline -0.004 -17"><span class='ocrx_word' id='word_1_128' title='bbox 301 3043 387 3110; x_wconf 81' lang='lat' dir='ltr'>turpe</span> <span class='ocrx_word' id='word_1_129' title='bbox 409 3031 596 3093; x_wconf 71' lang='lat' dir='ltr'>aestimantes</span> <span class='ocrx_word' id='word_1_130' title='bbox 618 3031 726 3111; x_wconf 81' lang='lat' dir='ltr'>aliquid</span> <span class='ocrx_word' id='word_1_131' title='bbox 748 3031 936 3092; x_wconf 84' lang='lat' dir='ltr'>commissum</span> <span class='ocrx_word' id='word_1_132' title='bbox 959 3036 976 3090; x_wconf 82' lang='lat' dir='ltr'>a</span> <span class='ocrx_word' id='word_1_133' title='bbox 998 3029 1066 3106; x_wconf 86' lang='lat' dir='ltr'>suis,</span> 
     </span>
     <span class='ocr_line' id='line_1_27' title="bbox 303 3115 1001 3195; baseline -0.003 -17"><span class='ocrx_word' id='word_1_134' title='bbox 303 3125 368 3195; x_wconf 88' lang='lat' dir='ltr'>post</span> <span class='ocrx_word' id='word_1_135' title='bbox 391 3115 507 3195; x_wconf 77' lang='lat' dir='ltr'>aliquod</span> <span class='ocrx_word' id='word_1_136' title='bbox 530 3123 646 3195; x_wconf 87' lang='lat' dir='ltr'>tempus</span> <span class='ocrx_word' id='word_1_137' title='bbox 670 3116 741 3178; x_wconf 79' lang='lat' dir='ltr'>alios</span> <span class='ocrx_word' id='word_1_138' title='bbox 763 3116 867 3178; x_wconf 85' lang='lat' dir='ltr'>adsciri</span> <span class='ocrx_word' id='word_1_139' title='bbox 891 3115 1001 3177; x_wconf 87' lang='lat' dir='ltr'>iubent.</span> 
     </span>
     <span class='ocr_line' id='line_1_28' title="bbox 304 3201 883 3281; baseline 0 -19"><span class='ocrx_word' id='word_1_140' title='bbox 304 3207 405 3262; x_wconf 76' lang='lat' dir='ltr'>rumtr</span> <span class='ocrx_word' id='word_1_141' title='bbox 427 3201 539 3280; x_wconf 83' lang='lat' dir='ltr'>legatos</span> <span class='ocrx_word' id='word_1_142' title='bbox 560 3201 726 3281; x_wconf 81' lang='lat' dir='ltr'>superiores</span> <span class='ocrx_word' id='word_1_143' title='bbox 747 3201 883 3281; x_wconf 70' lang='lat' dir='ltr'>pendidit.</span> 
     </span>
     <span class='ocr_line' id='line_1_29' title="bbox 304 3285 1013 3365; baseline 0 -21"><span class='ocrx_word' id='word_1_144' title='bbox 304 3285 440 3347; x_wconf 75' lang='lat' dir='ltr'>timentes</span> <span class='ocrx_word' id='word_1_145' title='bbox 461 3304 563 3347; x_wconf 83' lang='lat' dir='ltr'>rursus</span> <span class='ocrx_word' id='word_1_146' title='bbox 586 3285 692 3365; x_wconf 78' lang='lat' dir='ltr'>aliquid</span> <span class='ocrx_word' id='word_1_147' title='bbox 716 3306 754 3348; x_wconf 86' lang='lat' dir='ltr'>ne</span> <span class='ocrx_word' id='word_1_148' title='bbox 776 3286 870 3348; x_wconf 87' lang='lat' dir='ltr'>simile</span> <span class='ocrx_word' id='word_1_149' title='bbox 893 3285 1013 3357; x_wconf 77' lang='lat' dir='ltr'>accidat,</span> 
     </span>
     <span class='ocr_line' id='line_1_30' title="bbox 303 3370 999 3451; baseline -0.004 -20"><span class='ocrx_word' id='word_1_150' title='bbox 303 3370 393 3431; x_wconf 77' lang='lat' dir='ltr'>odere</span> <span class='ocrx_word' id='word_1_151' title='bbox 416 3372 538 3431; x_wconf 88' lang='lat' dir='ltr'>canibus</span> <span class='ocrx_word' id='word_1_152' title='bbox 560 3376 648 3432; x_wconf 80' lang='lat' dir='ltr'>anum</span> <span class='ocrx_word' id='word_1_153' title='bbox 672 3372 723 3431; x_wconf 86' lang='lat' dir='ltr'>sed</span> <span class='ocrx_word' id='word_1_154' title='bbox 747 3377 853 3451; x_wconf 74' lang='lat' dir='ltr'>spurce</span> <span class='ocrx_word' id='word_1_155' title='bbox 876 3371 999 3450; x_wconf 87' lang='lat' dir='ltr'>replent.</span> 
     </span>
     <span class='ocr_line' id='line_1_31' title="bbox 303 3454 969 3534; baseline 0.005 -20"><span class='ocrx_word' id='word_1_156' title='bbox 303 3454 440 3516; x_wconf 81' lang='lat' dir='ltr'>mandata</span> <span class='ocrx_word' id='word_1_157' title='bbox 463 3455 550 3516; x_wconf 85' lang='lat' dir='ltr'>dant:</span> <span class='ocrx_word' id='word_1_158' title='bbox 574 3455 662 3534; x_wconf 79' lang='lat' dir='ltr'>legati</span> <span class='ocrx_word' id='word_1_159' title='bbox 684 3454 849 3529; x_wconf 80' lang='lat' dir='ltr'>mittuntur,</span> <span class='ocrx_word' id='word_1_160' title='bbox 873 3455 969 3517; x_wconf 79' lang='lat' dir='ltr'>statim</span> 
     </span>
     <span class='ocr_line' id='line_1_32' title="bbox 303 3539 1092 3618; baseline -0.004 -17"><span class='ocrx_word' id='word_1_161' title='bbox 303 3539 421 3601; x_wconf 79' lang='lat' dir='ltr'>abeunt.</span> <span class='ocrx_word' id='word_1_162' title='bbox 465 3547 604 3618; x_wconf 79' lang='lat' dir='ltr'>rogantes</span> <span class='ocrx_word' id='word_1_163' title='bbox 627 3539 736 3600; x_wconf 81' lang='lat' dir='ltr'>aditum</span> <span class='ocrx_word' id='word_1_164' title='bbox 759 3540 901 3601; x_wconf 83' lang='lat' dir='ltr'>contiuuo</span> <span class='ocrx_word' id='word_1_165' title='bbox 924 3541 1092 3617; x_wconf 86' lang='lat' dir='ltr'>impetrant.</span> 
     </span>
     <span class='ocr_line' id='line_1_33' title="bbox 304 3624 965 3702; baseline -0.003 -17"><span class='ocrx_word' id='word_1_166' title='bbox 304 3624 435 3686; x_wconf 72' lang='lat' dir='ltr'>consent</span> <span class='ocrx_word' id='word_1_167' title='bbox 457 3625 572 3702; x_wconf 81' lang='lat' dir='ltr'>genitor</span> <span class='ocrx_word' id='word_1_168' title='bbox 593 3629 656 3686; x_wconf 84' lang='lat' dir='ltr'>tum</span> <span class='ocrx_word' id='word_1_169' title='bbox 678 3625 799 3686; x_wconf 87' lang='lat' dir='ltr'>deorum</span> <span class='ocrx_word' id='word_1_170' title='bbox 822 3624 965 3684; x_wconf 76' lang='lat' dir='ltr'>maximus</span> 
     </span>
     <span class='ocr_line' id='line_1_34' title="bbox 304 3707 1053 3788; baseline -0.003 -19"><span class='ocrx_word' id='word_1_171' title='bbox 304 3713 478 3788; x_wconf 78' lang='lat' dir='ltr'>quassatque</span> <span class='ocrx_word' id='word_1_172' title='bbox 500 3709 627 3771; x_wconf 80' lang='lat' dir='ltr'>fulmen:</span> <span class='ocrx_word' id='word_1_173' title='bbox 652 3714 776 3771; x_wconf 78' lang='lat' dir='ltr'>tremere</span> <span class='ocrx_word' id='word_1_174' title='bbox 799 3727 924 3787; x_wconf 79' lang='lat' dir='ltr'>coepere</span> <span class='ocrx_word' id='word_1_175' title='bbox 947 3707 1053 3768; x_wconf 80' lang='lat' dir='ltr'>tmnia.</span> 
     </span>
     <span class='ocr_line' id='line_1_35' title="bbox 305 3793 1019 3873; baseline 0.001 -20"><span class='ocrx_word' id='word_1_176' title='bbox 305 3794 536 3869; x_wconf 73' lang='lat' dir='ltr'>canescentes,</span> <span class='ocrx_word' id='word_1_177' title='bbox 560 3794 674 3856; x_wconf 83' lang='lat' dir='ltr'>subitus</span> <span class='ocrx_word' id='word_1_178' title='bbox 696 3793 774 3873; x_wconf 86' lang='lat' dir='ltr'>quod</span> <span class='ocrx_word' id='word_1_179' title='bbox 795 3795 891 3856; x_wconf 78' lang='lat' dir='ltr'>fuerat</span> <span class='ocrx_word' id='word_1_180' title='bbox 913 3795 1019 3872; x_wconf 81' lang='lat' dir='ltr'>fragor,</span> 
     </span>
    </p>
   </div>
   <div class='ocr_carea' id='block_1_6' title="bbox 257 3929 464 3938">
    <p class='ocr_par' dir='ltr' id='par_1_8' title="bbox 257 3929 464 3938">
     <span class='ocr_line' id='line_1_36' title="bbox 257 3929 464 3938; baseline 0 -3"><span class='ocrx_word' id='word_1_181' title='bbox 257 3932 275 3938; x_wconf 43' lang='grc' dir='ltr'><strong>μ</strong></span> <span class='ocrx_word' id='word_1_182' title='bbox 282 3929 464 3936; x_wconf 67' lang='grc'>---.....-...-.</span> 
     </span>
    </p>
   </div>
   <div class='ocr_carea' id='block_1_7' title="bbox 256 3990 1339 4394">
    <p class='ocr_par' dir='ltr' id='par_1_9' title="bbox 256 3990 1339 4394">
     <span class='ocr_line' id='line_1_37' title="bbox 330 3990 1338 4072; baseline -0.002 -27"><span class='ocrx_word' id='word_1_183' title='bbox 330 3996 387 4055; x_wconf 82' lang='grc'>17,5</span> <span class='ocrx_word' id='word_1_184' title='bbox 405 3996 434 4044; x_wconf 89' lang='lat' dir='ltr'>ut</span> <span class='ocrx_word' id='word_1_185' title='bbox 451 3993 514 4045; x_wconf 82' lang='lat' dir='ltr'>add</span> <span class='ocrx_word' id='word_1_186' title='bbox 531 3992 700 4058; x_wconf 70' lang='lat' dir='ltr'>Bongareiue</span> <span class='ocrx_word' id='word_1_187' title='bbox 743 3994 878 4060; x_wconf 78' lang='lat' dir='ltr'>8pericIIs</span> <span class='ocrx_word' id='word_1_188' title='bbox 897 3993 1028 4045; x_wconf 80' lang='lat' dir='ltr'>Oreltius:</span> <span class='ocrx_word' id='word_1_189' title='bbox 1045 3990 1192 4072; x_wconf 76' lang='lat' dir='ltr'>pertculosis</span> <span class='ocrx_word' id='word_1_190' title='bbox 1246 3993 1276 4043; x_wconf 83' lang='lat'>18</span> <span class='ocrx_word' id='word_1_191' title='bbox 1286 3990 1338 4043; x_wconf 83' lang='lat' dir='ltr'>LE</span> 
     </span>
     <span class='ocr_line' id='line_1_38' title="bbox 258 4033 1337 4139; baseline -0.002 -26"><span class='ocrx_word' id='word_1_192' title='bbox 258 4059 336 4114; x_wconf 80' lang='lat' dir='ltr'>Gan</span> <span class='ocrx_word' id='word_1_193' title='bbox 354 4033 494 4112; x_wconf 69' lang='lat' dir='ltr'>Iustam.-</span> <span class='ocrx_word' id='word_1_194' title='bbox 513 4059 659 4112; x_wconf 76' lang='lat' dir='ltr'>LEGA‘IOS</span> <span class='ocrx_word' id='word_1_195' title='bbox 709 4064 766 4124; x_wconf 82' lang='lat'>18,3</span> <span class='ocrx_word' id='word_1_196' title='bbox 784 4065 812 4113; x_wconf 91' lang='lat' dir='ltr'>ut</span> <span class='ocrx_word' id='word_1_197' title='bbox 824 4061 1015 4114; x_wconf 72' lang='lat' dir='ltr'>Burmannus</span> <span class='ocrx_word' id='word_1_198' title='bbox 1033 4059 1069 4113; x_wconf 88' lang='lat' dir='ltr'>uti</span> <span class='ocrx_word' id='word_1_199' title='bbox 1082 4060 1092 4129; x_wconf 72' lang='grc'>11</span> <span class='ocrx_word' id='word_1_200' title='bbox 1104 4059 1210 4139; x_wconf 79' lang='lat' dir='ltr'>eaperu</span> <span class='ocrx_word' id='word_1_201' title='bbox 1221 4056 1337 4111; x_wconf 75' lang='lat' dir='ltr'>Gatdzm</span> 
     </span>
     <span class='ocr_line' id='line_1_39' title="bbox 257 4099 1338 4208; baseline -0.001 -27"><span class='ocrx_word' id='word_1_202' title='bbox 257 4128 385 4208; x_wconf 72' lang='lat' dir='ltr'>abriperet</span> <span class='ocrx_word' id='word_1_203' title='bbox 401 4129 444 4180; x_wconf 80' lang='lat' dir='ltr'>uel</span> <span class='ocrx_word' id='word_1_204' title='bbox 459 4127 567 4194; x_wconf 66' lang='lat' dir='ltr'>adparet</span> <span class='ocrx_word' id='word_1_205' title='bbox 622 4099 749 4180; x_wconf 70' lang='lat' dir='ltr'>tdarent’</span> <span class='ocrx_word' id='word_1_206' title='bbox 761 4129 902 4181; x_wconf 70' lang='lat' dir='ltr'>Pitanem:</span> <span class='ocrx_word' id='word_1_207' title='bbox 920 4129 991 4181; x_wconf 83' lang='lat' dir='ltr'>daret</span> <span class='ocrx_word' id='word_1_208' title='bbox 1051 4131 1083 4179; x_wconf 81' lang='lat'>14</span> <span class='ocrx_word' id='word_1_209' title='bbox 1100 4125 1181 4179; x_wconf 85' lang='lat' dir='ltr'>mirati</span> <span class='ocrx_word' id='word_1_210' title='bbox 1197 4127 1338 4180; x_wconf 78' lang='lat' dir='ltr'>Ptttoeua:</span> 
     </span>
     <span class='ocr_line' id='line_1_40' title="bbox 257 4195 1338 4315; baseline -0.001 -66"><span class='ocrx_word' id='word_1_211' title='bbox 257 4196 345 4251; x_wconf 79' lang='lat' dir='ltr'>mirari</span> <span class='ocrx_word' id='word_1_212' title='bbox 428 4199 460 4249; x_wconf 85' lang='lat'>15</span> <span class='ocrx_word' id='word_1_213' title='bbox 479 4195 572 4264; x_wconf 80' lang='lat' dir='ltr'>aliquid</span> <span class='ocrx_word' id='word_1_214' title='bbox 590 4197 735 4247; x_wconf 72' lang='lat' dir='ltr'>Pithoeus:</span> <span class='ocrx_word' id='word_1_215' title='bbox 752 4196 855 4315; x_wconf 49' lang='grc' dir='ltr'>αἰιῆιξοᾱ</span> <span class='ocrx_word' id='word_1_216' title='bbox 934 4199 966 4250; x_wconf 86' lang='grc'>19</span> <span class='ocrx_word' id='word_1_217' title='bbox 981 4210 1073 4262; x_wconf 84' lang='lat' dir='ltr'>spureo</span> <span class='ocrx_word' id='word_1_218' title='bbox 1089 4195 1241 4247; x_wconf 77' lang='lat' dir='ltr'>Bantlatue:</span> <span class='ocrx_word' id='word_1_219' title='bbox 1259 4197 1338 4249; x_wconf 85' lang='lat' dir='ltr'>multo</span> 
     </span>
     <span class='ocr_line' id='line_1_41' title="bbox 257 4262 1336 4330; baseline 0.001 -14"><span class='ocrx_word' id='word_1_220' title='bbox 257 4266 296 4317; x_wconf 76' lang='lat'>20</span> <span class='ocrx_word' id='word_1_221' title='bbox 312 4263 429 4315; x_wconf 82' lang='lat' dir='ltr'>mandata</span> <span class='ocrx_word' id='word_1_222' title='bbox 447 4263 521 4314; x_wconf 84' lang='lat' dir='ltr'>dant·</span> <span class='ocrx_word' id='word_1_223' title='bbox 539 4262 615 4330; x_wconf 80' lang='lat' dir='ltr'>legati</span> <span class='ocrx_word' id='word_1_224' title='bbox 633 4265 764 4315; x_wconf 80' lang='lat' dir='ltr'>mtttuntnr</span> <span class='ocrx_word' id='word_1_225' title='bbox 805 4265 934 4329; x_wconf 75' lang='lat' dir='ltr'>igaltiau·</span> <span class='ocrx_word' id='word_1_226' title='bbox 951 4262 1071 4316; x_wconf 82' lang='lat' dir='ltr'>mandant</span> <span class='ocrx_word' id='word_1_227' title='bbox 1088 4262 1244 4316; x_wconf 86' lang='lat' dir='ltr'>dimittuntur</span> <span class='ocrx_word' id='word_1_228' title='bbox 1306 4267 1336 4317; x_wconf 80' lang='lat' dir='ltr'>nt</span> 
     </span>
     <span class='ocr_line' id='line_1_42' title="bbox 256 4330 1339 4394; baseline 0.002 -12"><span class='ocrx_word' id='word_1_229' title='bbox 256 4331 355 4382; x_wconf 84' lang='lat' dir='ltr'>abeunt</span> <span class='ocrx_word' id='word_1_230' title='bbox 373 4331 540 4394; x_wconf 75' lang='lat' dir='ltr'>Setaffarm:</span> <span class='ocrx_word' id='word_1_231' title='bbox 558 4330 652 4383; x_wconf 87' lang='lat' dir='ltr'>adeunt</span> <span class='ocrx_word' id='word_1_232' title='bbox 695 4334 729 4384; x_wconf 79' lang='lat'>24</span> <span class='ocrx_word' id='word_1_233' title='bbox 746 4332 844 4384; x_wconf 82' lang='lat' dir='ltr'>contusi</span> <span class='ocrx_word' id='word_1_234' title='bbox 863 4333 962 4386; x_wconf 88' lang='lat' dir='ltr'>subitus</span> <span class='ocrx_word' id='word_1_235' title='bbox 982 4331 1099 4384; x_wconf 66' lang='lat' dir='ltr'>Gradiue:</span> <span class='ocrx_word' id='word_1_236' title='bbox 1116 4330 1238 4384; x_wconf 84' lang='lat' dir='ltr'>cont&#39;usns</span> <span class='ocrx_word' id='word_1_237' title='bbox 1256 4332 1339 4384; x_wconf 86' lang='lat' dir='ltr'>subito</span> 
     </span>
    </p>
   </div>
   <div class='ocr_carea' id='block_1_8' title="bbox 312 4419 1135 4472">
    <p class='ocr_par' dir='ltr' id='par_1_10' title="bbox 312 4419 1135 4472">
     <span class='ocr_line' id='line_1_43' title="bbox 312 4419 1135 4472; baseline -0.002 -2"><span class='ocrx_word' id='word_1_238' title='bbox 312 4429 431 4472; x_wconf 62' lang='lat' dir='ltr'>numurus.</span> <span class='ocrx_word' id='word_1_239' title='bbox 1118 4419 1135 4468; x_wconf 79' lang='grc'><strong>4</strong></span> 
     </span>
    </p>
   </div>
   <div class='ocr_carea' id='block_1_9' title="bbox 0 0 1720 5175">
    <p class='ocr_par' dir='ltr' id='par_1_11' title="bbox 0 0 1720 5175">
     <span class='ocr_line' id='line_1_44' title="bbox 0 0 1720 5175; baseline 0 0"><span class='ocrx_word' id='word_1_240' title='bbox 0 0 1720 5175; x_wconf 95' lang='lat' dir='ltr'> </span> 
     </span>
    </p>
   </div>
  </div>
 </body>
</html>
